2806 5008
264 392 307 460 24
458 427 462 444 .
624 385 628 392 .
673 415 893 446 meve-u·

265 576 371 645 verba
384 583 655 664 per‘onyntoron
662 613 674 650 ‚
697 567 786 657 quod
797 566 926 638 ironiae
940 585 1044 658 geone
1059 571 1115 653 est,
1138 571 1230 660 ‘eprid
1246 596 1325 642 nos
1374 567 1376 616 ⁴

266 693 413 784 probum
428 692 564 760 senium
580 685 762 766 exhibent,
782 709 854 756 non
868 686 1090 754 dubitandum
1104 691 1165 774 est,
1187 691 1325 758 eadem

220 855 222 868 .
267 811 373 884 verbe
392 809 482 899 apud
501 809 674 876 Romanos
695 801 840 872 eundem
865 803 1011 892 probum
1029 804 1165 872 sensum
1182 806 1326 874 babere

269 927 426 1017 potuiffe.
481 969 484 978 ·
1020 919 1021 924 ἵ

281 1095 288 1104 .
376 1042 479 1130 Quod
493 1067 577 1112 vero
593 1041 635 1111 ad
651 1043 864 1131 postremum,
882 1034 926 1106 ad
939 1041 1216 1128 compofitionem
1230 1044 1328 1110 im-

271 1181 393 1230 mane
414 1160 657 1244 commode,
680 1157 818 1240 attinet,
849 1177 922 1252 non
937 1154 1076 1222 dubium
1092 1160 1154 1242 est,
1176 1158 1263 1245 quin
1279 1183 1328 1228 ea

274 1279 505 1366 aequeproba
523 1277 578 1362 nt,
607 1300 645 1344 ec
664 1275 850 1342 immane
871 1283 1095 1359 quantum,
1123 1295 1191 1362 quo
1211 1289 1328 1364 poeta

208 1425 211 1432 ·
275 1396 383 1468 noster
406 1393 473 1463 0d.
495 1395 525 1480 Ι,
546 1416 599 1482 27,
622 1393 653 1458 6.
673 1389 753 1457 utus
775 1392 832 1456 est.
922 1427 925 1434 ·

286 1565 291 1572 .
380 1505 479 1577 Alius
494 1512 550 1584 vir
563 1511 690 1594 doctus,
712 1505 787 1597 (W
789 1505 803 1572 i
800 1503 836 1598 s
834 1530 869 1593 e,
890 1503 1059 1594 Rintelii,)
1079 1505 1328 1602 Deeringii

240 1707 243 1716 ι
278 1621 360 1690 olim
382 1624 581 1714 discipulus,
606 1627 644 1694 in
657 1625 793 1707 eedem,
815 1647 916 1713 quam
931 1620 1195 1712 supralaudato,
1217 1629 1329 1695 See-

279 1737 397 1809 badii
416 1741 624 1812 Bibliotheca
644 1740 745 1832 (Apr.
771 1739 872 1826 1828,
900 1741 968 1808 No.
993 1746 1045 1806 26.
1073 1766 1106 1832 p.
1128 1742 1218 1833 207.)
1247 1769 1326 1812 non

279 1855 404 1942 minue,
427 1879 528 1946 quam
543 1855 615 1949 ipse
628 1858 899 1946 Deeringizee
912 1856 949 1924 in
964 1879 1005 1922 eo
1018 1855 1206 1947 offendens,
1228 1863 1325 1948 quod

280 1993 353 2039 vox.
375 1975 604 2043 meditanti
627 1977 710 2040 dues
730 1985 861 2040 tantum
882 1996 960 2042 oum
973 1974 1255 2044 vooehumane
1277 1979 1330 2044 li·-

281 2098 370 2154 teres
384 2112 580 2160 communes
592 2091 716 2158 babeat
730 2089 925 2177 duabusque
939 2092 1078 2178 insuper
1088 2091 1225 2180 syllabis
1242 2094 1328 2162 lon-

282 2203 358 2292 gior
370 2209 427 2289 fit,
448 2206 524 2274 loco
539 2208 740 2292 humane,
762 2217 801 2270 ut
814 2207 916 2294 vulgo
929 2206 1070 2293 legitur,
1092 2209 1227 2278 coniicit
1239 2211 1328 2278 bu-

283 2344 429 2406 mano,
451 2325 623 2414 explicans
644 2304 791 2402 docto,
810 2323 957 2408 pulte,
986 2323 1029 2390 ed
1051 2325 1248 2414 exemplum
1264 2329 1331 2395 ci-

284 2438 415 2504 ceronis
430 2437 652 2527 aliorumque,
663 2439 728 2507 hoo
742 2438 859 2507 sensu:
879 2437 981 2506 Vides
995 2438 1131 2526 quidem
1145 2441 1346 2525 intervalla.

283 2553 391 2646 (inter
403 2557 504 2622 eolles
520 2557 658 2643 Quirini
670 2551 894 2641 etAventini)
906 2554 1070 2622 homini
1090 2555 1215 2626 docto
1229 2584 1331 2629 com·

238 2759 240 2766 y
287 2672 482 2754 modaell'03
503 2695 623 2745 verum
632 2672 764 2760 plateae
773 2695 843 2738 non
851 2670 1052 2763 parneium,
1072 2686 1152 2755 etet
1172 2678 1329 2768 volfigno

287 2788 558 2877 interrogationis
571 2811 661 2877 pone
677 2787 811 2858 obstet
824 2783 871 2878 (v.
886 2785 951 2876 γι.)
963 2789 1087 2878 potitor
1108 2790 1238 2861 Verum
1251 2797 1331 2885 pla-

289 2915 382 2990 teae,
404 2929 489 2974 num
512 2906 574 2972 hae
594 2903 732 2977 undem
744 2903 960 2997 puraesunt,
980 2904 1064 2972 n'ihil
1077 2919 1117 2975 ut
1131 2910 1334 2988 meditanti·¹

289 3025 353 3091 bue
373 3022 539 3091 obstet?
1301 3101 1306 3112 ¹

220 3210 225 3219 ,
307 3185 312 3216 z
397 3140 523 3227 Quodsi
542 3161 615 3208 vox
636 3133 861 3227 humanae,
889 3141 982 3206 ouius
1003 3153 1162 3210 nentrum
1181 3145 1331 3216 buma-

292 3277 390 3326 num
404 3258 494 3346 apud
508 3257 610 3324 Ovid.
624 3243 707 3324 Fatt'
724 3257 771 3340 ΙΙ,
790 3258 866 3326 505.
886 3256 1036 3346 itemque
1049 3259 1162 3330 lustin.
1171 3263 1281 3350 XLII,
1296 3268 1329 3334 5.

197 3387 201 3394 '
292 3372 452 3469 siguificat
471 3374 524 3460 id,
555 3373 644 3461 quod
665 3395 726 3440 noe
747 3372 906 3442 dicimue=
935 3375 1003 3442 ein
1022 3378 1329 3448 mensohliehee

294 3490 472 3576 Wesen,
501 3490 524 3557 i.
552 3514 584 3557 e.
616 3489 682 3556 ein
708 3489 901 3575 Mentor,
936 3493 1232 3586 ficnudepofita,
1265 3520 1327 3590 pro

294 3607 420 3674 docto
442 3603 467 3672 s.
486 3607 662 3689 exculto
683 3606 856 3674 homine
880 3624 1051 3696 oeeorrat,
1073 3611 1228 3700 equidem
1246 3615 1329 3682 hene

294 3722 523 3792 coniecturam
544 3722 588 3790 ob
603 3721 757 3810 sensum,
778 3747 880 3814 quem
893 3725 1005 3796 reddit
1017 3728 1243 3820 probabilem,
1262 3755 1329 3800 non

294 3840 495 3930 improbem.
568 3911 570 3918 ,

680 3955 942 3980 m·
964 3976 969 3994 t
