2806 5008
514 435 729 482 eno-aeq
1104 437 1107 450 ν
1116 413 1136 479 5

77 575 228 664 defenili
253 594 344 685 posse
363 591 518 675 videtur,
549 604 587 658 ut
611 591 710 682 culpa
732 571 809 660 non
824 617 884 660 reo
907 595 1128 683 inhaerescat,

74 715 142 780 sed
167 715 204 780 in
228 712 434 788 accusatores
455 712 525 776 eius
547 703 679 798 iniquos
699 724 853 777 recurrat
865 737 876 792 3
912 714 1037 804 quippe
1057 715 1127 803 qui,

73 833 259 918 postquam
274 831 354 919 ipit,
375 827 522 896 lectione
544 841 579 896 et
602 828 879 916 interpunctione
900 830 1128 920 perversase-

73 947 180 1012 du'cti
200 969 328 1012 nexum
348 945 572 1033 sustulerunt,
604 945 703 1012 huius
721 947 774 1012 rei
795 948 930 1036 culpam
948 949 986 1016 in
1008 949 1126 1018 Hora-

70 1063 169 1156 tium
190 1061 384 1130 conferunt.
432 1071 437 1088 ‘

186 1181 404 1269 Quamquam
416 1203 500 1248 vero
513 1187 649 1270 praeter
659 1181 718 1251 W
721 1182 783 1250 iel
788 1181 950 1268 andum,
973 1184 1124 1268 breviter
1140 1260 1143 1271 s

71 1313 218 1370 tantum
235 1299 272 1364 in
290 1299 433 1387 Satyrae
456 1297 554 1364 huius
571 1298 715 1366 introitu
730 1311 945 1366 monentem:
967 1303 1042 1392 plus
1056 1297 1122 1369 etl'e

70 1419 115 1486 in
139 1442 181 1484 ea
201 1437 328 1500 nexus,
356 1437 456 1502 quam
490 1427 772 1484 commentatores
793 1417 951 1483 nonnulli
968 1417 1123 1484 invenis·

70 1542 170 1622 sent,
192 1535 276 1602 alius
297 1532 351 1597 vir
372 1531 488 1598 doctus
508 1532 669 1600 inventus
691 1537 749 1618 est,
780 1534 837 1622 qui
852 1536 951 1600 tacito
965 1533 1118 1614 nomine,

30 1711 32 1716 ,
73 1653 153 1746 (niti
169 1651 289 1734 fallor,
310 1648 361 1716 M.
383 1647 408 1714 I
404 1646 440 1737 s
440 1648 503 1713 tri
509 1647 580 1714 clii
585 1673 631 1721 ue
646 1650 823 1738 Gymnafii
837 1651 1022 1721 Ialebiensts
1036 1650 1118 1719 olim

72 1773 206 1858 collega
218 1763 297 1854 fuit)
319 1778 458 1854 poetam
471 1769 618 1832 nostrum
633 1778 752 1834 contra
766 1766 809 1834 H
813 1768 919 1834 cmii
931 1767 1118 1834 accusatio·

71 1885 157 1956 nem
174 1883 358 1954 defendere
375 1882 498 1976 studuit
513 1881 544 1968 *)
552 1931 565 1963 ,
586 1883 686 1949 huius
707 1896 823 1952 tamen
843 1885 912 1950 viri
933 1884 1118 1974 scriptiun-

73 2008 170 2086 cula,
203 2027 273 2070 non
301 2014 373 2070 tam
396 1977 561 2086 deienfio,
588 2023 691 2090 quam
710 1991 937 2094 excusatio
959 1999 1115 2068 vocanda

73 2127 127 2191 est.
172 2123 266 2188 Nam
287 2119 422 2189 summa
441 2117 513 2186 eius
535 2117 617 2186 haec
637 2115 711 2183 fere
726 2121 784 2187 est:
805 2117 881 2184 Has
894 2120 1031 2208 satyrae
1047 2117 1113 2182 etl'e

8 2251 14 2263 “
71 2236 303 2306 diiudicandas
326 2259 345 2300 e
366 2231 674 2318 natura-sermonis
695 2232 890 2318 familiaris,
911 2237 969 2324 qui
980 2234 1112 2324 saepius

72 2358 116 2426 ad
142 2367 198 2422 ree
222 2363 323 2419 extra
344 2353 437 2418 viam
458 2351 581 2440 pofitas
602 2351 745 2416 aberret.
789 2351 893 2440 Quod
914 2375 997 2420 vero
1018 2349 1062 2418 H
1064 2374 1131 2416 o-1

73 2469 400 2560 miuepotilfimum
413 2479 524 2554 urget,
546 2467 780 2540 Horatium
801 2471 844 2536 in
865 2471 1112 2556 haeSatyra

72 2619 92 2661 a
127 2586 385 2678 quaestione
424 2585 641 2672 primaria
673 2585 738 2652 ita
773 2583 1017 2670 aberrasse,
1045 2597 1110 2668 ut,

71 2709 154 2779 etti
173 2703 251 2772 sub
273 2673 597 2769 finem‘reverti
619 2700 893 2788 promiserit,
923 2702 1020 2768 huic
1041 2691 1131 2791 tae«⁴

70 2849 161 2898 men
189 2816 403 2912 promitio
432 2837 517 2888 non
543 2815 740 2902 steterit,
770 2818 806 2884 id
827 2821 964 2907 prorsus
983 2794 1123 2904 falium⁰¹

72 2947 153 3027 effe,
173 2957 388 3026 nequaquam
401 2932 479 3006 tatis
495 2933 756 3002 demonstratum
771 2936 825 3004 est.
865 2935 998 3001 Deinde
1014 2930 1109 3000 idern

40 3105 42 3112 t
72 3058 226 3134 detentor
261 3051 362 3118 huius
397 3050 508 3140 omnia
541 3049 689 3120 criminis
716 3049 847 3116 fontem
870 3075 941 3122 nou
970 3048 1119 3140 reperit,'.

73 3200 177 3266 neque
196 3152 282 3242 adeo
301 3159 442 3258 poetam
459 3167 507 3234 ita
522 3158 709 3236 ¹defendere
722 3167 850 3258 potuit,
873 3179 912 3235 ut
925 3162 1122 3238 tectoribus‘
1238 3170 1240 3180 ’

73 3288 393 3378 admiratoribusque
423 3284 492 3352 eius
516 3283 731 3352 satisfaceret.

122 3409 262 3476 Hinc
291 3427 423 3473 novum
450 3403 587 3476 Horatii
618 3403 784 3494 purgandi
812 3411 988 3484 tentameu
1018 3401 1117 3498 mihi

74 3525 205 3628 quidem'
228 3521 320 3590 haud
347 3519 637 3609 supervacaneum
664 3519 864 3604 videbatur,
903 3516 1065 3612 praesert'
1056 3543 1104 3589 tm

73 3668 170 3738 quum
182 3639 268 3710 illud
282 3637 362 3718 iulia
374 3636 442 3704 loci
457 3635 597 3710 alieuius
615 3634 759 3706 difficilis
775 3621 1001 3727 explicatione
1012 3636 1105 3703 nite·

77 3811 273 3836 m

88 3955 92 3963 ·
122 3939 145 4010 ‘l
158 3940 188 3994 tn
205 3931 484 4000 commentatiuncula,
510 3949 575 4003 quae
592 3933 711 4006 inscripta
729 3933 778 3990 eit:
798 3935 819 3990 1.
837 3935 871 3988 C.
885 3934 1022 3998 Heroldo,
1040 3931 1103 4004 Gy&

169 4022 254 4076 muniti
268 4022 410 4076 Ialebient'n
424 4023 547 4081 nestori,
572 4023 634 4076 novi
648 4023 760 4076 muneris
772 4019 882 4090 auspicia
895 4019 1103 4088 congratulantur

162 4107 277 4177 'magistri
291 4105 398 4162 sodales.
431 4101 552 4173 lelohim,
577 4119 658 4172 1791,
683 4118 709 4168 t.
1112 4104 1115 4115 '
