2806 5008
276 441 319 518 14
411 479 414 488 =
686 465 900 494 9⁴¹0„

273 641 356 717 eget.
400 629 488 694 Nam
511 624 679 711 regulam:
716 621 878 688 Vocalem
900 636 979 693 ante
1002 627 1155 692 vocalem
1179 626 1342 715 corripi,

230 751 236 760 “
273 763 344 816 tum
369 747 507 812 demum
528 743 659 825 valere,
700 761 803 826 quum
823 751 966 826 utraque
990 745 1116 810 vocalis
1136 745 1175 810 in
1196 744 1338 809 eadem

273 886 357 943 uoce
371 862 574 951 reperiatur,
595 861 633 926 id
648 857 750 926 dubio
763 879 832 921 non
848 857 1034 924 obnoxium
1055 863 1100 926 est
1114 857 1152 948 *).
1196 861 1337 942 Porro,

127 1022 147 1074 g
220 967 221 970 Ἴ
275 1002 479 1070 quamquam
497 1003 515 1042 o
532 977 635 1044 finale
648 955 819 1042 in‘ultima
834 972 963 1060 syllaba
978 998 1099 1065 anceps
1116 979 1178 1058 est,
1202 988 1337 1043 tamen

275 1101 367 1176 idem
380 1117 513 1184 quoque
520 1093 675 1185 produci,
697 1090 815 1158 verius
830 1092 961 1180 primus
974 1091 1116 1181 Satyrae
1125 1094 1225 1160 huius
1238 1093 1336 1162 tatis

275 1218 382 1284 docet·
690 1187 693 1196 i

386 1330 504 1418 Quum
527 1328 672 1419 denique
692 1327 814 1394 vocula
835 1336 897 1408 ut,
919 1338 1037 1415 utpote
1053 1319 1153 1394 unius
1167 1316 1334 1416 syllabae

203 1477 208 1494 ·
274 1455 310 1519 in
330 1451 573 1521 consonantem
592 1446 760 1528 detinens,
783 1465 906 1532 anceps
924 1447 981 1530 ct,
1003 1428 1057 1514 hic
1071 1449 1189 1512 versus
1208 1445 1334 1512 omnis

272 1575 316 1638 fic
336 1564 515 1638 commode
535 1559 652 1630 scandi
669 1561 813 1649 poteritr

384 1713 450 1730 ν...
514 1711 541 1726 ..,
635 1685 887 1722 ΚΑΙ-ὐῦ-
950 1688 1268 1726 Ι...ψυψμυ

376 1737 480 1828 litua!
504 1735 620 1820 und(e)
646 1733 740 1824 abili,
770 1731 894 1821 redelo.
938 1733 1059 1822 Nclnio
1082 1749 1119 1801 ut
1141 1738 1279 1826 alvarus

374 1859 468 1925 Hinc
487 1855 656 1940 reliquum
676 1851 779 1917 modo
793 1850 878 1930 erit,
906 1863 943 1916 ut
957 1850 1070 1940 paucis
1092 1855 1327 1938 ostendamus,

274 1965 445 2070 ‹juomodo
480 1971 610 2039 factum
641 1973 696 2053 fit,
742 1981 781 2034 ut
808 1969 917 2056 proba
942 1967 1023 2033 haec
1053 1969 1189 2058 antiqua
1217 1971 1327 2036 lectio

273 2070 406 2190 Nemo
436 2103 500 2174 ut,
540 2111 626 2176 quae
654 2085 726 2152 iola
744 2087 888 2173 Satyrac
913 2084 991 2150 huic
1014 2109 1143 2184 nexum
1164 2088 1322 2172 restituit,

272 2217 387 2282 locum
408 2207 506 2274 suum
528 2203 658 2271 cefferit
670 2204 768 2270 alteri
788 2204 825 2268 N
833 2209 971 2268 cmon’
992 2215 1058 2282 ut,
1081 2211 1323 2291 quac‘nexum

273 2330 405 2423 penitus
419 2321 598 2412 interrupit
616 2333 651 2387 et
666 2320 962 2410 reprehensionem
977 2319 1121 2389 Horatio
1136 2333 1206 2388 tam
1222 2320 1321 2388 indi-

273 2471 377 2538 gnam
398 2440 580 2512 contraxit.
631 2419 633 2428 Ι

288 2556 293 2573 ’
376 2562 488 2629 Huius
508 2557 557 2626 rei
577 2545 712 2624 causam
731 2555 769 2622 in
791 2553 886 2638 nulla
901 2555 966 2622 alia
980 2542 1025 2622 re
1033 2557 1185 2644 reperire
1199 2556 1320 2646 poll'u-

272 2675 367 2767 mus,
389 2680 450 2745 nit
465 2677 503 2742 in
517 2699 574 2761 eo,
597 2672 687 2763 quod
699 2672 809 2737 maior
822 2669 1128 2738 commentatorum
1143 2696 1315 2757 numerus,

273 2805 357 2869 ficut
382 2797 487 2885 supra
514 2792 584 2858 iam
614 2789 742 2854 dictum
770 2792 829 2872 est,
861 2791 899 2854 in
931 2789 1138 2878 explicandis
1158 2802 1316 2860 veterum

273 2913 406 3006 [criptis
441 2913 547 2975 verba
581 2887 694 2996 potius
729 2917 761 2972 et
789 2905 1044 2993 grammaticam
1072 2929 1214 2994 eamque
1242 2929 1314 2974 non

173 3074 182 3092 x
273 3011 400 3099 certam
425 3025 555 3109 ubivis,
584 3047 685 3110 quam
703 3022 882 3089 sententias
904 3045 1088 3110 earumque
1109 3047 1238 3089 nexum
1257 3047 1314 3090 re·

272 3149 402 3240 spicere
422 3142 516 3208 [olet.
560 3139 750 3207 Sententiae
773 3153 903 3225 autem,
934 3140 1040 3206 veluti
1061 3140 1220 3206 orationis
1239 3141 1314 3207 ani-

273 3289 389 3347 mum,
414 3260 585 3349 graviores
603 3257 668 3324 effe
684 3256 818 3341 verbis,
840 3279 926 3343 quae
941 3279 1063 3346 corpus
1077 3257 1307 3324 tantummodo

272 3383 408 3452 illarum
430 3377 526 3460 sunt,
556 3395 658 3440 nemo
681 3371 778 3438 facile
800 3373 836 3438 in
857 3373 997 3441 dubium
1018 3373 1165 3441 vocabit.

365 3489 1309 3586 Quocircalocinottricommentatoressententiaepotius

272 3616 432 3686 iniuriam
454 3611 566 3680 facere
586 3605 728 3674 voluitie
746 3595 926 3692 videntur,
962 3630 1166 3696 omnemque
1185 3592 1307 3673 nexum

272 3759 351 3802 cum
386 3726 660 3800 antecedentibus
676 3731 678 3740 '
697 3737 731 3791 et
767 3723 982 3813 sequentibus
1016 3727 1170 3808 turbare,
1213 3747 1306 3811 quam

269 3851 402 3920 hiatum
424 3845 620 3937 opinatum,
653 3853 693 3908 ut
713 3841 868 3930 videtur,
898 3840 937 3908 in
951 3825 1104 3909 'Horatio
1126 3839 1304 3910 admittere.

273 4037 476 4058 μ

243 4143 255 4206 ’.
320 4148 868 4230 ⁸)Vid.M'a'rk.lat.Gramm.1³-ttt·
944 4218 947 4226 ,
993 4215 995 4222 Ι
