2806 5008
475 489 733 544 ¹maceratio-mv·
828 475 833 500 ¹
1099 481 1161 548 n*

88 651 267 722 neminem
290 665 408 745 utpote
429 633 573 726 avarum
589 657 626 725 se
638 661 785 748 probare
796 664 866 730 live
881 661 970 732 sorte
983 664 1141 734 toa‘cona

88 779 226 838 tentum
250 777 314 838 effe
334 773 443 861 polle,
465 774 536 840 led
556 775 668 864 potius
684 774 714 865 *)
737 777 875 846 laudare
897 780 1029 874 diversa
1049 782 1141 849 lorte

86 887 294 972 gaudentes,
331 902 365 956 et
386 891 553 960 tabescere
586 891 743 984 ([fimul,]
779 897 869 983 quod
894 872 972 964 cum
994 898 1140 972 avaritia¹

69 1002 310 1072 coniunctum
338 1011 526 1101 est,)·quod
556 1013 666 1079 aliena
690 1011 820 1102 capella
848 1017 933 1082 uber
962 1015 1138 1082 distentius

87 1133 204 1204 gerat3
225 1146 335 1212 neque
350 1127 447 1194 illum
466 1113 525 1211 (obv
542 1129 733 1212 avaritiam,
752 1130 774 1196 i.
791 1155 819 1199 e.
839 1132 936 1220 plura
947 1131 1139 1220 possidendi

88 1237 328 1330 cupiditatem)
354 1242 390 1309 ie
416 1267 615 1336 comparare
644 1271 722 1313 cum
751 1249 995 1338 pauperiorum
1025 1237 1136 1327 turba,

86 1350 149 1456 sed
170 1354 262 1422 hunc
284 1373 384 1448 atque
404 1361 495 1429 hunc
508 1343 675 1454 vsuperare
696 1366 843 1448 studere,
867 1377 969 1453 atque
981 1367 1033 1430 'fio
1053 1363 1139 1448 fieri,-

87 1482 130 1535 ut
151 1469 287 1563 semper
307 1476 463 1544 inveniat
482 1480 710 1570 superiorem,
750 1501 853 1568 quem
875 1483 956 1548 dum
975 1481 1138 1570 'inperare

87 1584 238 1675 laborat,
268 1594 377 1660 veluti
400 1595 438 1662 in
467 1597 650 1694 certamine
669 1599 806 1684 curuli,
835 1619 1012 1685 nunquam
1035 1595 1141 1685 quaess

89 1701 315 1778 fitiofruendi
341 1713 447 1780 otium
467 1715 520 1782 illi
540 1716 614 1784 erit.
709 1793 714 1800 .

196 1823 275 1912 Qua
296 1831 523 1920 explicatione
544 1847 579 1901 et
597 1827 874 1922 interpunctione
895 1810 1053 1918 admira,
1074 1855 1139 1898 ne-

90 1959 166 2021 mo,
194 1956 297 2031 puto,
328 1949 482 2037 negabit,
505 1951 590 2017 hanc
605 1949 765 2038 Satyrum
779 1953 822 2018 ob
841 1973 950 2015 nexus
966 1948 1139 2015 defectum

90 2081 161 2124 non
190 2061 300 2130 iolum
329 2091 401 2132 non
430 2070 495 2134 elle
523 2067 803 2154 vituperandam,
840 2065 1030 2138 sedetiam
1049 2065 1142 2136 illius

89 2175 273 2247 sententias
301 2185 427 2251 arctius
454 2185 544 2252 inter
570 2183 606 2250 le
631 2183 764 2249 vinctas
793 2183 878 2267 elle,
910 2205 1011 2269 quam
1029 2175 1053 2248 'a
1077 2180 1139 2250 tali
1192 2213 1202 2224 ·

90 2297 262 2385 sermone,
286 2299 344 2390 qui
365 2297 562 2389 neutiquam
576 2299 812 2368 demonltratio
829 2277 1070 2366 mathematica
1083 2291 1145 2378 c'st'r

90 2412 164 2481 iure
195 2417 383 2506 exspectari
403 2423 514 2508 potiit.
569 2481 571 2486 .

195 2534 300 2620 Quod
320 2549 359 2603 ut
381 2537 486 2603 cuivis
508 2534 721 2604 manifestum
743 2530 820 2617 fiat,
842 2535 972 2602 necetl'e
994 2533 1144 2618 erit,·ut

90 2659 197 2718 totam
217 2653 377 2740 Satyrum
401 2649 497 2721 breui
515 2655 553 2719 in
575 2653 758 2742 'conspectu
777 2671 1019 2740 proponamus.
1199 2621 1209 2642 ⁸

195 2767 238 2835 V.
265 2793 346 2835 1-
365 2767 395 2834 5.
425 2784 527 2860 poeta
553 2769 809 2862 quaestionem,
839 2777 941 2856 quam
969 2767 1141 2833 soluturus

93 2889 154 2971 est,
183 2885 368 2976 (quomodo
391 2887 468 2974 liat,
497 2897 536 2954 ut
556 2911 658 2954 nemo
678 2882 778 2978 (fere)
803 2886 895 2952 sorte
915 2885 976 2973 lua
997 2880 1142 2952 corneu-

92 3001 289 3100 tuavivat)
310 2993 480 3095 proponit.
1009 3005 1012 3013 ¹

107 3117 111 3122 ¹
195 3123 240 3191 V.
262 3123 341 3190 4-
362 3145 412 3191 12.
433 3106 589 3192 stultitiae
615 3121 715 3188 huius
739 3121 897 3211 exempla
916 3119 1044 3206 aliquot
1065 3117 1145 3184 vel-

95 3237 145 3310 uti
169 3242 207 3308 in
234 3241 369 3309 [cenam
399 3239 572 3332 producit,
613 3250 650 3305 ut
679 3261 719 3306 eo
747 3238 867 3363 melius
888 3237 973 3305 rilui
995 3237 1145 3302 aliorum'

98 3344 257 3450 exponat.
799 3369 802 3374 '

199 3477 243 3545 V·
269 3475 308 3544 13
322 3515 367 3529 -
382 3497 434 3546 22.
457 3478 499 3544 ad
519 3476 633 3544 causas
652 3471 803 3540 eiusdem
817 3455 1057 3561 explicandas}
1075 3469 1097 3535 i.
1112 3491 1144 3534 e.

99 3591 140 3660 ad
160 3594 356 3682 quaestionis
379 3596 460 3662 luae
474 3594 678 3664 solutionem
691 3590 929 3680 progreditur,
951 3601 1052 3678 atque
1065 3586 1144 3678 pri·

149 3933 173 4002 ¹⁵)
187 3931 225 3987 V·
239 3943 299 3992 tot.
312 3931 341 3984 in
355 3931 442 3984 locum
454 3933 572 4002 vulgatae
584 3931 707 3984 lectionis
720 3947 757 3992 ac
772 3928 891 3997 potius
906 3943 965 3980 eunt
978 3924 1142 3978 Baetem
1229 3990 1232 4002 ,

203 4037 238 4074 ex
261 4019 409 4076 aucoritan
437 4021 551 4088 plurium
568 4019 656 4072 coctu.
672 4016 770 4088 recipio
787 4025 820 4068 at
840 4014 975 4082 potius,
999 4012 1017 4063 i.
1036 4029 1064 4078 q.
1085 4007 1143 4058 sed

204 4105 338 4172 potiua3
356 4105 476 4174 quoniam
493 4103 617 4174 particula
637 4101 796 4155 advertativa
810 4117 864 4154 non
882 4096 1060 4157 comanente,
1077 4109 1143 4162 qua·
1239 4091 1241 4106 ¹

204 4190 237 4243 lia
254 4188 290 4244 est
308 4191 409 4260 vulgata
424 4191 518 4258 tectio,
548 4189 577 4244 h.
595 4190 614 4243 l.
633 4180 783 4260 postulatur.
