2806 5008
2 1437 8 1442 ¹
94 1298 335 1488 Quamquam
373 1360 571 1451 prolufionis
604 1361 835 1434 huiuscemodi
874 1367 1137 1438 conscribendae

45 1567 50 1574 Ι
93 1505 198 1574 opera
219 1483 422 1571 plerumque
442 1483 575 1570 ingrata
591 1493 626 1547 et
638 1483 774 1560 molesta
787 1488 846 1570 est,
869 1488 947 1572 quia
961 1500 1020 1552 aut
1034 1501 1136 1556 nemo
1174 1539 1178 1546 ·

93 1610 153 1667 aut
172 1600 274 1688 pauoi
297 1623 372 1668 eam
393 1601 531 1686 legunt,
557 1589 668 1686 noque
689 1600 825 1690 semper
842 1602 879 1668 in
892 1604 1019 1670 scriniis
1033 1628 1137 1693 para-

82 1729 165 1806 tum
188 1719 250 1802 est,
271 1713 375 1810 *quod
396 1717 475 1784 huic
496 1716 632 1782 consilio
655 1729 769 1804 aptum
792 1719 1036 1787 communicari
1058 1745 1137 1790 cum

90 1833 228 1924 publico
257 1834 376 1922 possit:
411 1846 528 1900 tamen
555 1845 635 1898 ante
656 1831 834 1922 Gymnafii
855 1837 1137 1923 nostriexamen,

91 1951 182 2042 quod
205 1949 340 2035 dicunt,
364 1962 518 2038 rogatus,
546 1962 583 2016 ut
604 1952 669 2016 hoo
690 1952 859 2019 scribendi
880 1954 1052 2041 negotium
1071 1955 1139 2024 ite·
1174 1936 1176 1944 Ι

90 2091 169 2156 rum
198 2065 421 2157 susciperem,
456 2068 516 2134 has
543 2091 660 2154 preces
683 2093 758 2134 eam
780 2093 914 2157 quoque
936 2075 979 2139 ob
1001 2071 1137 2140 oausam
1298 2085 1300 2093 ⁴

90 2185 258 2271 denegare
287 2183 399 2268 nolui,
441 2183 531 2271 quod
560 2185 628 2250 loci
656 2186 785 2276 aliquot
813 2187 851 2252 in
872 2188 1011 2255 Horatii
1032 2190 1138 2276 Saty-

69 2281 138 2369 ris
153 2299 184 2390 *)
207 2299 416 2368 difficiliores
436 2303 621 2388 restabant,
643 2327 789 2390 quorum
811 2306 1051 2372 tractationem
1065 2329 1137 2372 non

90 2419 259 2506 ingratam
282 2415 358 2482 foro
381 2413 573 2494 arbitrabar
593 2420 749 2486 omnibus
772 2421 831 2506 iis,
855 2423 913 2508 qui
933 2423 1024 2488 hunc
1038 2442 1138 2509 egre·

89 2537 183 2634 gium
203 2549 339 2625 poetam
362 2557 433 2600 non
453 2535 565 2606 minus
581 2559 689 2624 ,quam
714 2558 775 2622 ego
798 2537 988 2625 diligerent.

128 2651 129 2658 '
194 2651 296 2738 Quod
328 2663 442 2716 autem
472 2675 529 2718 me
556 2653 713 2740 inprimis
734 2653 886 2742 impulit,
916 2666 956 2718 ut
976 2651 1139 2744 Satyrum

58 2821 62 2828 .
91 2767 242 2845 eiusdem
270 2767 420 2856 primam
438 2767 528 2834 =libri
552 2767 656 2854 primi
669 2763 670 2772 ’
683 2757 768 2832 mihi
790 2769 1001 2836 tractandam
1020 2773 1139 2839 sume·
1205 2787 1207 2794 ’

89 2911 181 2973 rem,
212 2884 372 2952 introitus
394 2885 452 2967 est,
482 2881 592 2950 eidem
615 2883 657 2948 ab
676 2883 717 2948 H
724 2883 763 2948 ei
770 2881 877 2949 ndor
875 2884 905 2974 j
911 2887 925 2950 i
931 2911 950 2950 ο
970 2889 1140 2975 praemii·

89 3008 156 3072 sus.
198 3003 249 3069 lbi
277 2999 369 3067 enim
396 2999 451 3064 hio
479 2998 536 3064 vir
565 2997 789 3084 doctissimus,
831 3002 873 3067 de
897 3003 1039 3070 Platone
1066 3028 1138 3071 non

88 3121 220 3205 minus,
248 3120 360 3206 ‘quam
390 3115 432 3181 de
458 3115 603 3183 Horatio
634 3116 901 3204 benemeritus,
930 3139 1006 3186 non
1027 3120 1138 3188 solum

88 3235 413 3306 sententiarum
441 3209 596 3300 nexum
618 3236 1138 3323 accuratamquodeicri-

89 3355 282 3445 ptionom
302 3349 340 3414 in
358 3349 421 3415 hac
444 3351 565 3437 Satyra
587 3351 768 3433 definierat,
798 3350 857 3448 [od
880 3352 981 3418 etiam
994 3367 1136 3441 poetam

90 3473 239 3537 nostrum
262 3467 407 3532 aliorum
431 3467 592 3534 vitiorum
613 3465 803 3544 insimulat,
835 3489 920 3556 quae
942 3467 1002 3535 nifi
1022 3469 1059 3534 in
1077 3493 1137 3536 re·
1174 3546 1175 3550 η

89 3585 190 3676 liquis
212 3583 383 3668 evitaret,
414 3605 608 3671 nunquam,
632 3585 675 3651 H
677 3581 827 3650 eindor
827 3583 861 3672 f
863 3585 902 3650 io
921 3583 1050 3674 judico,
1084 3596 1136 3653 tot

93 3765 298 3789 Μ

143 3916 168 3986 ·)
185 3915 322 3990 Rationes,
346 3935 424 3987 quare
447 3917 513 3972 hano
538 3905 630 3973 vocem
647 3917 692 3983 fic,
718 3935 802 3988 neque
819 3936 866 3989 per
883 3918 897 3972 ἰ
912 3917 1069 3976 scribendam
1087 3917 1144 3973 esse,
1231 3929 1233 3934 ’

196 3999 353 4068 existimem,
383 4005 497 4076 breviter
526 4005 650 4072 expolitae
673 4005 789 4074 invenior
818 4005 847 4057 in
870 4005 952 4072 priori
968 4005 1137 4060 Commenta-

196 4084 323 4140 tiuncula:
348 4089 390 4141 De
415 4089 516 4141 difficili
540 4088 641 4142 Horatii
666 4088 727 4142 loco
751 4089 779 4140 in
799 4089 897 4159 Satyris
920 4093 947 4153 1',
971 4097 1002 4154 4,
1026 4100 1069 4148 87.
1093 4097 1136 4147 tt.

199 4169 272 4226 Hali·
290 4179 367 4232 1826·
384 4183 409 4232 8.
428 4191 455 4242 p.
471 4169 557 4240 nseq.

726 4269 799 4362 ¹Aa
893 4290 895 4296 ·
