2806 5008
275 449 316 500 12
428 463 430 470 ’
460 501 464 518 ,
695 460 918 512 ,Μινυ-

272 639 368 688 mam
387 613 521 686 ceulam
541 613 580 684 in
601 636 643 684 eo
663 613 808 704 reperit,
837 613 930 702 quod
946 617 994 685 tat
1009 617 1177 708 homiues,
1198 622 1337 692 desua

42 701 45 710 ¹
85 755 87 770 =
190 805 195 816 ⁸
250 739 364 804 isorte
390 743 587 824 querentes,
622 732 685 822 ipfi
714 732 845 821 saepius
869 733 1040 820 nesciant,
1084 739 1164 825 quid
1186 741 1332 824 veliut;

270 871 374 942 quem
387 842 504 918 tamen
517 849 633 916 locum
644 849 756 915 iocose
772 849 894 938 potius,
917 849 1020 938 quani
1033 853 1121 921 [erio
1135 866 1274 924 tractat.

374 967 417 1036 V.
441 970 483 1037 25
496 1001 542 1018 -
555 967 609 1036 40.
626 967 702 1034 ioco
723 965 843 1034 abhinc
864 969 1024 1058 seposito,
1052 971 1193 1039 alteram
1212 972 1325 1041 huius

224 1101 225 1108 ’
267 1084 495 1178 perverfitatiu
516 1085 651 1154 caulam
670 1105 812 1172 eamque
826 1083 1055 1170 graviffimam
1068 1087 1104 1154 in
1116 1090 1324 1159 avaritia

265 1201 410 1288 invenit,
422 1202 583 1292 siquidem
594 1200 643 1270 illi
652 1203 782 1290 queruli
790 1199 1160 1292 pluralemperhabere
1168 1207 1320 1294 gestiunt

264 1342 378 1410 neque
396 1321 546 1409 unquam'
560 1318 711 1410 quaesitio
725 1317 908 1398 fruuntur,
929 1319 951 1384 i.
966 1342 995 1385 e.
1015 1322 1134 1388 avari
1155 1315 1265 1392 qut'

368 1436 462 1506 Tum
480 1457 517 1504 v.
538 1435 732 1506 41-100.
753 1447 856 1526 poeta
875 1435 913 1500 in
933 1433 1148 1524 depingenda
1164 1441 1316 1510 avaritia

263 1555 307 1624 de
327 1553 487 1645 industria
507 1552 641 1640 longius
660 1565 910 1636 commoratur,
930 1564 965 1619 et
984 1575 1055 1618 nou
1074 1553 1184 1621 solum
1199 1559 1315 1624 stulti-

178 1747 184 1770 Ι
263 1675 349 1741 tiam
373 1671 444 1740 eiua
463 1668 616 1760 pluribus
644 1667 889 1756 luculentisque
911 1667 1120 1740 documentis
1139 1673 1313 1744 illustrare

261 1789 385 1876 studet,
403 1785 464 1855 led
478 1787 581 1854 etiam
591 1798 671 1855 ante
686 1783 800 1852 oculos
812 1785 929 1874 ponit,
949 1801 1112 1874 quantum
1125 1787 1310 1858 hominum

215 1936 217 1942 ’
263 1905 418 1972 omnium
444 1903 562 1970 odium
593 1925 719 1970 avarus
745 1914 865 2002 contra
885 1901 922 1968 le
944 1903 1086 1992 excitet,
1114 1905 1164 1972 ita
1187 1917 1225 1972 ut
1245 1908 1308 1976 vel

260 2020 450 2115 capitieiua
464 2016 654 2088 timendum
668 2021 720 2088 fit.
861 2013 863 2017 ’
1029 2011 1033 2024 ‘

364 2135 533 2224 Quocirca
545 2157 580 2202 v.
596 2155 709 2203 101-
719 2155 791 2204 121·
812 2134 976 2207 Horatius
991 2138 1117 2221 suadet,
1129 2153 1168 2208 ut
1180 2141 1312 2230 quiviu,·

255 2253 411 2346 quilorte
421 2252 482 2320 lua
495 2260 673 2322 contentae
688 2256 752 2320 effe
763 2253 859 2348 velit·
871 2253 963 2320 inter
976 2257 1154 2324 avaritiam
1171 2269 1204 2331 et
1217 2233 1304 2347 pro·

251 2368 705 2453 fufiouemmediumteneat,
715 2391 754 2434 ac
761 2351 984 2458 parsimoniae
991 2372 1126 2460 studeat,
1137 2373 1301 2460 siquidem

130 2499 132 2503 ’
251 2487 399 2560 auaritia
411 2483 783 2568 nonsolumiuvidiam‚
798 2482 966 2554 sedetiam
975 2488 1300 2557 omniumditiorum

250 2605 512 2674 aemulationem
525 2588 641 2668 lecuin
654 2600 784 2686 trahat,
804 2601 902 2668 itaut
920 2626 1040 2690 nemo,
1063 2604 1120 2692 qui
1133 2605 1296 2674 avaritiae

248 2721 371 2790 morbo
385 2720 530 2802 laboret,
552 2717 658 2786 animi
671 2716 915 2804 tranquillitate
934 2719 1082 2806 gaudere
1095 2724 1215 2810 possit,
1236 2722 1296 2789 led

244 2839 346 2906 sortia
357 2837 438 2906 luae
450 2834 565 2904 taedio
577 2843 694 2924 captus
708 2831 797 2903 hanc
810 2832 936 2918 vitam,
956 2835 1066 2923 largae
1081 2837 1182 2925 dapes
1197 2838 1295 2906 nobie

245 2953 468 3039 offerentem,
488 2949 596 3018 veluti
612 2949 759 3017 conviva
778 2971 850 3016 non
862 2948 956 3016 latur
971 2952 1152 3042 relinquat.

353 3071 575 3160 Quamquam
599 3089 685 3134 vero
713 3076 817 3156 poeta
837 3076 913 3132 ente
935 3067 1052 3135 omnia
1069 3069 1164 3138 illam
1187 3084 1291 3159 quae*

243 3190 404 3258 fliouemt
434 3186 506 3273 Qui
528 3183 604 3271 fiat,
631 3193 670 3250 ut
687 3203 790 3252 nemo
810 3179 914 3276 (fere)
926 3182 1017 3250 lorte
1035 3183 1095 3254 lua
1107 3199 1289 3257 contentus

241 3308 359 3388 vivat,
380 3303 470 3372 etc?
490 3303 527 3371 in
546 3303 610 3370 hac
623 3301 748 3388 Satyra
763 3297 897 3365 solvere
918 3300 977 3367 fibi
989 3302 1198 3391 proposuiffe
1212 3305 1287 3394 pri.

240 3426 307 3493 mii
318 3421 427 3490 ileum
435 3420 585 3488 verlibue
598 3419 688 3486 clare
696 3415 835 3500 iudicat,
861 3425 898 3482 et
909 3415 950 3482 ad
960 3428 1151 3486 extremum
1165 3422 1285 3489 iisdem

238 3540 313 3610 fere
331 3538 446 3608 verbis
465 3536 509 3606 ad
530 3534 672 3606 eandem
685 3532 774 3602 redit
786 3532 1022 3622 summamque
1035 3535 1138 3604 totius
1152 3539 1282 3608 lermo-

238 3659 293 3726 nia
312 3656 431 3746 paucis
454 3651 729 3743 comprehendite
752 3665 868 3718 tamen
887 3649 1089 3737 primarium
1115 3655 1186 3721 eius
1199 3678 1282 3724 con·

235 3774 347 3842 lilium
361 3773 431 3840 fine
445 3770 549 3840 dubio
564 3774 618 3854 est,
640 3768 889 3852 avaritiam,
910 3765 992 3834 illud
1001 3767 1080 3836 latia
1092 3770 1280 3866 universale

235 3892 295 3959 illo
324 3902 480 3979 tempore
505 3887 698 3976 principum
726 3885 965 3974 Romanorum
987 3884 1127 3973 vitium,
1159 3899 1277 3957 notare

235 4005 526 4100 deridendumque
565 4007 739 4098 praebere.
798 4001 878 4088 Qua
909 4001 946 4070 iu
979 4014 1071 4086 arte,
1088 3987 1091 3998 ’
1107 4006 1277 4077 confilium

233 4125 392 4218 princepe
418 4121 628 4206 occultandi,
662 4134 766 4216 poeta
800 4122 909 4188 noster
929 4113 1104 4190 Socratem
1129 4123 1275 4193 imitatur

198 4320 210 4373 j
