2806 5008
193 451 197 466 ⁸
259 432 279 497 6
671 462 890 490 oem-

144 691 145 698 ¹
259 600 374 708 retur,
397 623 451 690 cui
470 625 512 691 ad
532 627 735 714 postremum
758 620 905 708 reliquos
927 608 1026 688 huius
1047 622 1195 714 satyrae
1214 624 1314 690 locos

262 739 441 829 impeditos
456 742 633 811 commode
647 740 829 828 adiungere
843 744 985 828 possem.

369 859 472 946 Quod
494 860 667 947 negotium
681 871 720 924 ut
736 859 802 924 rite
814 857 1000 948 procedere
1016 860 1136 952 possit,
1157 861 1315 950 primum

265 980 392 1042 neoelle
408 978 490 1062 erit,
513 980 626 1044 locum
641 977 756 1059 illum,
779 1001 798 1042 e
813 999 879 1066 quo
894 975 935 1044 H
940 973 1047 1043 cmii
1063 971 1316 1067 ecculafio‘po-

196 1159 199 1168 ,
266 1090 429 1160 tissimum
449 1095 619 1177 manavit,
643 1093 766 1182 quique
779 1092 979 1190 defentionis
994 1095 1092 1162 huius
1108 1093 1216 1160 veluti
1231 1094 1317 1158 suu·
1354 1109 1359 1118 “

268 1207 465 1280 dementum
501 1217 561 1294 est,
603 1209 779 1295 excutere,
823 1222 858 1277 et
886 1211 1009 1278 deinde
1037 1214 1181 1300 Satyrae
1208 1209 1317 1275 totius

264 1347 396 1405 nexum
421 1353 634 1418 proponere3
651 1328 788 1420 ¹quibus
814 1328 856 1394 ad
878 1332 1083 1418 postremum
1103 1327 1228 1416 reliqui
1247 1326 1318 1394 loci

236 1478 237 1487 κ
273 1441 424 1512 difficiles
447 1447 584 1534 adiungi
597 1459 772 1536 poterunt·
987 1525 990 1532 ¹

214 1553 216 1560 ¹
374 1563 486 1629 Locus
512 1577 626 1632 autem
654 1565 712 1630 ille
737 1562 938 1652 primarius,
973 1585 1076 1651 quem
1097 1575 1177 1630 ante
1200 1543 1318 1630 omnia

274 1666 541 1749 examinandum
556 1683 622 1751 effe
635 1694 813 1770 putamus,
825 1677 827 1682 ’
839 1679 876 1747 in
891 1679 1039 1746 editione
1053 1679 1099 1750 H
1101 1679 1248 1746 eiudor
1248 1678 1281 1768 f
1281 1677 1318 1746 ii

268 1813 293 1860 ‘e
314 1813 349 1862 r.
373 1795 583 1866 108-115.
604 1799 648 1865 fic
667 1797 808 1885 legitur:
1001 1782 1005 1791 ’

357 1957 457 2051 ¹illuc,
483 1987 553 2040 unde
576 1987 642 2051 abii,
669 1987 762 2055 redeog
801 1959 944 2041 Ne'mon’
968 1995 998 2038 ut
1020 2004 1111 2040 avarus

378 2086 414 2139 Se
432 2090 526 2155 probet
550 2108 586 2142 sc
606 2087 694 2158 potius
717 2089 805 2142 laudet
824 2073 922 2144 diiersa
939 2067 1075 2156 sequentis,

302 2163 306 2174 ¹
379 2165 512 2257 Quodque
534 2189 618 2244 aliene
641 2189 738 2257 capelle
761 2200 832 2259 gerat
848 2190 986 2243 distentius
1003 2189 1076 2251 uber,

379 2289 516 2355 Tebesun,
539 2307 624 2360 neque
648 2289 673 2342 se
696 2291 787 2345 maiori
809 2293 995 2362 pauperiorum

321 2417 324 2426 ·
379 2391 484 2446 Turbae
504 2404 649 2462 comparet,
678 2392 749 2445 hunc
773 2403 849 2462 atque
874 2395 943 2448 hunc
961 2393 1077 2463 superare
1093 2389 1216 2444 laboret?

354 2481 355 2484 ¹
379 2493 424 2548 Sic
446 2493 574 2550 festinanti
590 2493 688 2564 semper
710 2495 868 2564 locupletior
886 2493 984 2560 obstan
1004 2504 1059 2551 etc.

377 2661 419 2731 In
439 2667 502 2734 hac
522 2665 667 2732 lectione
687 2663 923 2730 Lambinus
945 2675 980 2730 et
1000 2661 1236 2731 Bentleiue
1258 2661 1323 2726 fic-

272 2777 326 2871 uti
347 2779 498 2866 reliquae
521 2777 686 2845 editiones
709 2777 838 2867 priscae
860 2779 934 2846 fere
956 2803 1073 2846 omnes
1094 2777 1320 2863 consentiunt,

273 2894 336 2961 nisi
358 2896 447 2982 quod
468 2897 505 2962 in
523 2883 817 2984 interpunctione,
846 2919 933 2983 quae
954 2883 1070 2964 tamen
1091 2894 1226 2962 tentum
1249 2917 1321 2962 non

274 3013 404 3097 variat,
428 3013 636 3100 aliquantum
649 3011 741 3076 inter
755 3011 790 3076 le
804 3011 1007 3102 discrepant.
1051 3013 1190 3099 Signum
1204 3002 1321 3078 tamen

275 3128 550 3220 interrogationis
569 3151 659 3218 pone
687 3128 862 3194 laboret
883 3127 932 3215 (v.
959 3127 1046 3219 112.)
1070 3151 1208 3208 omnes,
1240 3151 1321 3217 quus

276 3247 368 3328 vidi,
396 3237 536 3314 hebeni.
551 3254 558 3270 ⁸
573 3231 629 3311 'At
646 3243 717 3333 1ipfi
742 3243 793 3312 illi
819 3245 994 3318 duumviri
1017 3247 1059 3313 de
1077 3247 1146 3314 ‘hac
1173 3231 1320 3312 lectione

276 3364 414 3454 prorsus
437 3374 567 3443 tacent,
598 3362 664 3440 ita,
694 3373 734 3426 ut
754 3359 993 3430 Bentlei'us
1017 3363 1059 3429 de
1081 3363 1209 3453 seipse
1234 3385 1322 3451 quo-

278 3456 459 3548 dammodo
474 3459 591 3544 dixilie
606 3477 779 3560 videatur,
802 3476 893 3568 quod
909 3479 951 3546 ad
964 3479 1107 3572 Eppll,
1123 3499 1154 3564 2,
1171 3475 1223 3566 8'9.
1244 3501 1323 3546 mo-

277 3570 355 3664 n'et:
380 3587 472 3682 „led
486 3596 553 3661 'hoc
568 3589 686 3684 sapere
700 3598 764 3676 est3
787 3619 871 3684 quae
890 3575 999 3684 neque
1013 3595 1195 3663 emendare
1207 3607 1321 3684 potes,

215 3757 218 3764 -
277 3693 371 3800 „nec
386 3713 456 3780 ullo
471 3713 631 3800 exemplo
647 3710 841 3800 defendere,
865 3713 1048 3784 translilire
1060 3725 1221 3802 tanquam
1232 3710 1323 3782 'lana

277 3853 418 3918 „neque
442 3830 479 3896 in
500 3830 728 3918 suspicionem
744 3832 934 3898 verende.“

348 3958 355 3970 “
379 3945 457 4013 lam
485 3947 569 4016 illud
589 3949 774 4014 Nemon’
801 3947 859 4014 ulii
879 3946 1209 4039 p1·0'.iutenogativo
1233 3945 1322 4014 ecci·

277 4061 398 4153 piunt,
420 4061 470 4130 ita
490 4075 528 4130 ut
541 4066 613 4153 poll
634 4065 806 4130 laboret
826 4064 875 4154 (r.
893 4069 979 4150 112.)
1001 4077 1059 4132 aut
1075 4065 1226 4154 pluribus
1239 4063 1321 4132 locis

280 4182 408 4268 siguum
440 4180 716 4268 interrogationis
745 4198 887 4269 ponant.
937 4181 1072 4258 Deinde
1100 4179 1320 4248 Heindor-
