2806 5008
696 455 910 488 “uo

306 713 313 766 2
449 687 452 812 J
512 701 1093 784 ¹annrrannurun.
1192 666 1200 784 fl

294 847 404 946 Haec
417 900 520 967 quum
535 881 725 972 scripsissem
737 875 901 975 preloque
915 883 982 952 iam
996 885 1212 973 tradidissem,
1232 885 1353 964 allata

296 981 381 1063 inihi
408 999 453 1064 est
477 997 672 1066 Seehoclii
693 999 738 1100 Υ.
765 1000 803 1067 O.
823 992 1053 1071 Bibliothecae
1074 1003 1208 1071 criticae
1232 1003 1350 1070 series

298 1137 408 1210 nova,
444 1116 482 1182 iu
510 1141 576 1205 qua
604 1118 710 1208 (Ann.
737 1142 764 1186 t.
793 1118 871 1187 Vol.
883 1122 923 1188 ³1.
952 1121 1050 1186 Febr.
1075 1119 1168 1188 1828.
1196 1119 1263 1188 Nr.
1294 1118 1352 1186 16.

296 1217 332 1323 p.
344 1233 494 1324 127lcq.)
505 1233 784 1334 Doeringiica,
803 1235 1014 1305 Venerabilis
1021 1238 1078 1304 ille
1085 1237 1351 1328 philologorum

257 1355 261 1360 '
298 1327 488 1420 nostrornm
502 1345 701 1438 veteranus,
724 1353 967 1434 coniecturam,
989 1375 1090 1443 quam
1106 1353 1290 1444 aliquando
1310 1354 1352 1420 in

298 1467 469 1534 luculenta
481 1470 542 1536 sua
553 1469 689 1536 Horatii
702 1467 850 1536 editione
866 1467 910 1536 ad
925 1471 1015 1561 Epp.
1030 1471 1077 1553 ll,
1092 1493 1123 1556 a,
1139 1491 1191 1557 70.
1220 1467 1349 1563 (Tom.

220 1575 225 1601 i
298 1585 342 1666 II,
365 1608 398 1672 p.
420 1581 509 1674 407.)
530 1586 725 1676 proposuit,
752 1587 925 1674 vulgatam
948 1586 1048 1653 huius
1069 1587 1136 1653 loci
1157 1585 1349 1654 lectionem
1385 1563 1386 1576 i

299 1690 466 1769 humano
487 1704 524 1769 in
538 1704 1151 1794 Romanotransmutatarncupiens,
1174 1716 1350 1772 retracta-

300 1819 371 1904 vit,
399 1831 438 1896 ut
461 1821 629 1887 inlocum
652 1824 725 1888 eiua
748 1810 838 1888 nunc
860 1812 1102 1888 meditanti
1123 1821 1349 1910 substitueret,

196 1993 198 2004 Α
303 1940 434 2026 ratione
464 1937 578 2005 habita
606 1940 699 2005 vocis
725 1933 1061 2024 meditantibus,
1102 1961 1268 2027 quaevv.
1293 1963 1350 2026 71.

304 2041 340 2120 et
365 2053 573 2141 76.1egitur.
622 2055 751 2122 Contra
778 2053 867 2141 quod
893 2073 1026 2121 novum
1057 2055 1230 2122 consilium
1257 2057 1351 2128 nihil

304 2171 396 2239 aliud
425 2169 574 2260 proferri
596 2175 692 2260 polle
718 2171 783 2256 ait,
814 2171 877 2238 nisi
905 2170 995 2260 quod
1026 2170 1064 2237 in
1092 2193 1175 2237 voce
1202 2173 1350 2242 medi*-

305 2288 419 2356 tanti
448 2301 584 2384 praeter
611 2264 724 2354 literas
746 2311 770 2354 a
792 2299 827 2355 et
847 2311 888 2372 n,
923 2289 1011 2355 nihil
1031 2283 1176 2378 amplius
1197 2289 1239 2356 de
1262 2291 1349 2357 vul-

306 2417 383 2494 gata
405 2403 634 2492 relinquatur3
664 2428 750 2494 quae
771 2418 886 2474 tamen
906 2406 1078 2474 libertae
1067 2428 1105 2472 tn
1120 2403 1191 2472 aliia
1209 2427 1348 2530 quoque

296 2522 506 2590 'coniecturis
532 2521 621 2586 haud
641 2545 721 2588 rara
742 2525 792 2589 lit.
858 2535 862 2544 “
1100 2525 1102 2530 ’

311 2625 318 2732 J
411 2641 441 2706 E
462 2639 628 2728 postrema
656 2651 772 2734 tamen
800 2631 1017 2708 excusatione
1043 2637 1256 2707 manifestum
1277 2639 1348 2705 elle

307 2757 462 2839 videtur,
498 2755 589 2854 hunc
625 2755 796 2844 egregium
829 2731 1053 2846 philologum
1076 2780 1148 2823 non
1184 2755 1293 2828 solum
1324 2781 1348 2823 a

185 2867 190 2880 ’
307 2873 426 2962 quavis
441 2871 650 2952 coniectura,
673 2896 758 2960 quae
778 2897 994 2940 communem
1015 2873 1169 2954 omnium
1190 2873 1348 2961 plausum

183 2998 186 3014 ¹
308 2967 420 3087 latura
436 2991 492 3072 fit,
519 2989 704 3077 postulare,
730 3002 768 3057 ut
782 2960 926 3058 lectioni
946 2989 1134 3077 vulgatae
1123 3013 1161 3056 tn
1180 2989 1283 3055 literis
1306 3011 1348 3056 ac

309 3077 393 3174 lonc
422 3128 525 3194 quam
555 3105 722 3174 simillima
748 3110 807 3192 nt,
843 3105 901 3174 led
931 3103 1047 3173 eliam
1060 3109 1103 3174 oh
1129 3108 1217 3174 hanc
1237 3105 1347 3198 ipsam
1385 3150 1386 3158 κ

186 3285 191 3304 ,
309 3223 443 3290 causam
469 3223 532 3290 hac
560 3245 652 3290 nova
683 3223 936 3294 coniecturale
964 3246 1036 3290 non
1062 3220 1121 3290 ab
1134 3223 1228 3292 omni
1247 3233 1346 3313 parte

292 3352 504 3447 *contentum
526 3339 601 3408 esse.

414 3472 696 3560 Quaerereetiam
705 3471 841 3542 fortasse
849 3473 1013 3564 quispiam
1022 3473 1136 3564 possit,
1145 3497 1227 3541 num
1236 3471 1346 3542 inter-

305 3591 402 3666 ¹valla
413 3592 515 3680 longa
529 3589 555 3656 s.
569 3589 787 3658 incommoda
799 3592 1031 3658 meditanti
1044 3591 1214 3658 contraria
1228 3592 1297 3656 sant.

309 3688 312 3695 ¹
421 3709 496 3774 lam
518 3729 622 3796 quum
637 3707 674 3772 in
693 3705 810 3774 eadem
828 3707 1055 3792 Bibliotheca,
1078 3707 1138 3774 nist
1153 3705 1268 3791 fallor,
1289 3707 1345 3774 le·

233 3801 238 3817 ¹
306 3825 448 3910 gisl'em,
471 3823 535 3892 Do
545 3805 711 3916 eringii
730 3823 915 3892 Horatium
930 3822 1015 3892 'rnox
1029 3825 1138 3890 denuo
1153 3827 1248 3914 prelo
1263 3825 1343 3893 sub-

299 3939 438 4024 ‚iectum
448 3917 501 4023 iri,
522 3941 679 4027 equidem
692 3941 778 4009 mihi
793 3943 855 4032 hac
871 3945 1040 4012 occasione
1054 3941 1199 4030 permis,
1220 3965 1344 4012 novam

314 4056 540 4124 coniecturam
555 4056 654 4122 huius
667 4059 732 4124 loci
747 4059 886 4148 offerre,
905 4083 975 4149 qua
989 4058 1124 4126 sortasse
1138 4059 1221 4124 illud
1236 4057 1345 4146 impe-

258 4227 264 4234 .
316 4172 520 4260 dimentum,
542 4175 632 4266 quod
652 4175 689 4244 in
705 4175 809 4244 nimia
821 4199 946 4244 vocum
960 4177 1145 4246 humane
1165 4187 1199 4244 et
1215 4174 1344 4244 medi·
