2806 5008
524 437 747 472 ''m''
1137 443 1159 510 9

220 596 479 686 Antiquiffimus
489 597 653 690 Cruqui
660 599 675 666 i
689 597 1067 692 Codexaliiqueplurec
1076 610 1157 672 ma·
1196 654 1199 666 .

115 698 282 804 nufcripti
296 712 344 804 *),
372 717 523 815 itemque·
549 719 651 786 editio
672 721 830 809 princepe
853 717 953 805 1481,
974 717 1048 787 loco
1064 723 1156 788 Ne-

113 840 229 898 mon'
258 847 304 900 ut
327 835 462 921 legunt=
488 837 621 905 Nemo
642 848 706 917 ut3
728 835 1021 926 quemlectionem
1034 839 1156 910 Box-

115 958 237 1026 terue
257 953 386 1040 recepit
406 951 547 1018 addens:
579 953 893 1040 grammaticastrcs,
907 925 999 1044 quos
1018 955 1167 1037 Rem(

115 1063 227 1132 leiue
251 1068 382 1136 secutus
404 1073 463 1156 Iit,
497 1095 517 1136 e
537 1072 672 1138 Nemo
691 1069 803 1142 fecitte
822 1073 858 1139 N
865 1078 1013 1140 emon’.

159 1219 161 1227 ’
219 1201 295 1278 Iam
315 1226 401 1270 vero
425 1227 530 1294 quum
550 1204 635 1271 illud
650 1207 686 1271 N
694 1213 836 1273 emon’
859 1230 881 1272 a
894 1206 1044 1291 Veneta,
1067 1205 1155 1274 Gla-

114 1338 239 1406 reana,
282 1321 510 1390 Lambiniana
541 1321 807 1409 Bentlcianaque
840 1321 946 1389 semel
980 1334 1155 1412 receptum
1226 1401 1230 1410 .

114 1436 214 1518 erret,
236 1459 378 1525 quarum
390 1440 605 1508 auctoritates
619 1437 786 1506 Zeunio'
801 1461 945 1528 quoque,
967 1439 1155 1508 Baeteri
1237 1459 1240 1468 ’
1266 1509 1269 1524 Ι

118 1549 368 1652 Gesnerique
384 1557 422 1624 in
434 1557 579 1625 Horatio
596 1555 728 1621 edendo
746 1554 943 1641 inmederi,
962 1559 1155 1648 relinquere

114 1671 308 1760 religiosum
332 1673 414 1742 fuit:
435 1673 514 1740 huic
534 1673 672 1740 lectioni
686 1677 823 1740 tantum
833 1675 1036 1764 praesidium
1049 1699 1155 1764 para-

115 1799 191 1854 tum
212 1802 300 1879 erat,
337 1805 375 1858 ut
394 1815 496 1869 nemo
516 1791 658 1858 ulterius
679 1790 721 1884 de
743 1789 889 1856 veritate
912 1789 982 1857 ciue
1002 1792 1155 1860 dubitare

117 1905 268 1974 auderet.
318 1908 413 1975 Nam
433 1907 524 1996 quod
545 1909 686 1976 omnino
706 1906 744 1972 in
765 1917 923 1972 veterum
937 1907 1156 1998 scriptoribus

116 2021 255 2090 edendis
280 2024 345 2093 usu
370 2023 491 2092 venire
516 2025 690 2110 videmus,
723 2035 764 2088 ut
790 2023 900 2090 verba
925 2026 1032 2114 magis
1052 2047 1155 2115 quam
1200 2054 1203 2066 ’

101 2137 304 2209 dementiae
332 2121 576 2232 respiciantur,
612 2117 704 2207 idem
728 2139 808 2206 huic
833 2116 909 2207 loco
929 2141 1079 2208 accidisse
1095 2144 1155 2210 vi-

118 2254 225 2324 detur.
268 2259 409 2343 Praeter
436 2260 631 2327 hanovere
659 2257 813 2323 lectionis
837 2243 1039 2326 varietateni
1061 2261 1154 2340 nulle

118 2375 562 2464 ampliusinhie.vers1bus
590 2373 873 2464 deprehenditur,
895 2385 1040 2466 excepto
1062 2375 1154 2465 quod
1179 2369 1183 2374 ’
1236 2463 1238 2470 Α

115 2511 152 2558 v.
177 2514 249 2580 109.
277 2494 354 2592 loco
376 2517 420 2562 ac
444 2493 610 2583 potius,
632 2490 722 2578 quod
740 2469 869 2572 'omnes'
887 2491 1050 2561 editiones
1068 2494 1153 2560 reli-

117 2629 205 2694 quae
225 2621 382 2695 tuentur,
406 2612 444 2678 in
465 2610 619 2701 pluribus
635 2607 741 2676 Codd.
759 2608 900 2696 legitur:
921 2617 963 2676 at
983 2608 1153 2699 potius,

117 2723 162 2800 de
182 2715 249 2814 quo
270 2731 383 2818 postea
403 2726 594 2816 loquemur.

218 2862 283 2956 Iila
316 2875 430 2930 autem
450 2873 568 2953 uetere
590 2858 735 2928 lectione
754 2860 888 2927 Nemo
915 2868 964 2926 ut
983 2872 1155 2945 revocata,

116 3003 188 3048 non
214 2979 325 3048 [oium
346 2979 566 3066 interrogatio
585 2977 644 3044 ista
662 2987 697 3043 et
718 2977 914 3064 admiratio,
943 2966 1028 3064 quae
1050 2980 1155 3048 nexui

117 3100 309 3176 contrariae
334 3098 433 3182 sunt,
461 3093 682 3180 evanescent,
706 3094 764 3160 ted
787 3096 890 3162 etiam
909 3094 1077 3183 particula
1106 3109 1155 3165 ut

118 3214 184 3282 clio
203 3216 325 3302 modo,
354 3234 456 3303 quam
478 3213 580 3299 vulgo
602 3208 660 3294 fit,
683 3210 845 3302 explicari
865 3211 999 3300 poterit.
1072 3243 1074 3248 v

220 3332 273 3400 At
296 3333 466 3422 quomodo
483 3333 570 3400 *haec
589 3329 706 3414 lectio,
734 3329 859 3396 iterum
878 3350 923 3394 ex
936 3351 992 3395 mo
1005 3351 1156 3418 quaeres,

118 3447 255 3517 defendi
281 3451 410 3540 poterit
434 3462 535 3539 atque
563 3447 610 3514 ita
639 3443 823 3536 explicari,
859 3455 897 3510 ut
923 3467 994 3511 non
1021 3459 1157 3514 tantum

115 3567 253 3664 'sensum
275 3570 437 3662 praebeat
455 3555 561 3635 nexui
582 3562 863 3646 convenientem,
886 3561 978 3649 quod
991 3563 1158 3630 concede·
1244 3569 1246 3574 ’

119 3708 211 3770 mue,
233 3686 292 3752 sed
316 3687 416 3754 etiam
438 3681 678 3774 grammaticae
698 3681 823 3768 regulis
843 3703 914 3745 non
937 3679 1172 3748 adversetur?

119 3802 190 3871 Ubi
209 3791 347 3872 tandem
373 3802 432 3871 ille
454 3799 662 3872 accusativus
681 3817 763 3864 cum
783 3793 974 3886 infinitivo,
1002 3820 1104 3886 quem
1123 3797 1158 3865 h.

126 3992 321 4010 m

172 4128 197 4197 ⁸)
212 4128 275 4183 vid.
294 4127 362 4183 Fea
379 4127 407 4182 in
425 4124 674 4188 editionettontii,
692 4125 729 4177 Τ.
742 4123 778 4178 11.
794 4139 824 4191 p·
838 4130 882 4180 11.
