<?xml version="1.0" encoding="UTF-8"?>
<!DOCTYPE html PUBLIC "-//W3C//DTD XHTML 1.0 Transitional//EN"
    "http://www.w3.org/TR/xhtml1/DTD/xhtml1-transitional.dtd">
<html xmlns="http://www.w3.org/1999/xhtml" xml:lang="en" lang="en">
 <head>
  <title>
</title>
<meta http-equiv="Content-Type" content="text/html;charset=utf-8" />
  <meta name='ocr-system' content='tesseract 3.04.00' />
  <meta name='ocr-capabilities' content='ocr_page ocr_carea ocr_par ocr_line ocrx_word'/>
</head>
<body>
  <div class='ocr_page' id='page_1' title='image "./guillangiicomme00langgoog/guillangiicomme00langgoog_0013.png"; bbox 0 0 2806 5008; ppageno 0'>
   <div class='ocr_carea' id='block_1_1' title="bbox 271 454 962 526">
    <p class='ocr_par' dir='ltr' id='par_1_1' title="bbox 271 454 962 526">
     <span class='ocr_line' id='line_1_1' title="bbox 271 454 962 526; baseline -0.001 -15"><span class='ocrx_word' id='word_1_1' title='bbox 271 454 293 520; x_wconf 78' lang='grc'><strong>8</strong></span> <span class='ocrx_word' id='word_1_2' title='bbox 639 457 962 526; x_wconf 56' lang='lat' dir='ltr'><strong>,ovo-oo*</strong></span> 
     </span>
    </p>
   </div>
   <div class='ocr_carea' id='block_1_2' title="bbox 111 637 1348 2500">
    <p class='ocr_par' dir='ltr' id='par_1_2' title="bbox 111 637 1348 973">
     <span class='ocr_line' id='line_1_2' title="bbox 229 637 1321 732; baseline 0.003 -25"><span class='ocrx_word' id='word_1_3' title='bbox 229 713 233 732; x_wconf 42' lang='grc' dir='ltr'>Ι</span> <span class='ocrx_word' id='word_1_4' title='bbox 274 642 427 729; x_wconf 74' lang='lat' dir='ltr'><strong>postulat,</strong></span> <span class='ocrx_word' id='word_1_5' title='bbox 447 653 488 710; x_wconf 91' lang='lat' dir='ltr'><strong>ut</strong></span> <span class='ocrx_word' id='word_1_6' title='bbox 501 645 571 732; x_wconf 77' lang='lat' dir='ltr'><strong>poti</strong></span> <span class='ocrx_word' id='word_1_7' title='bbox 584 640 714 708; x_wconf 83' lang='lat' dir='ltr'><strong>redeo</strong></span> <span class='ocrx_word' id='word_1_8' title='bbox 736 639 786 729; x_wconf 88' lang='lat' dir='ltr'><strong>(v.</strong></span> <span class='ocrx_word' id='word_1_9' title='bbox 805 637 893 728; x_wconf 83' lang='lat'><strong>108.)</strong></span> <span class='ocrx_word' id='word_1_10' title='bbox 915 639 1008 711; x_wconf 87' lang='lat' dir='ltr'><strong>idem</strong></span> <span class='ocrx_word' id='word_1_11' title='bbox 1023 639 1204 731; x_wconf 81' lang='lat' dir='ltr'><strong>sequatur,</strong></span> <span class='ocrx_word' id='word_1_12' title='bbox 1225 645 1321 732; x_wconf 85' lang='lat' dir='ltr'><strong>quod</strong></span> 
     </span>
     <span class='ocr_line' id='line_1_3' title="bbox 111 741 1348 850; baseline 0.004 -27"><span class='ocrx_word' id='word_1_13' title='bbox 111 745 113 752; x_wconf 45' lang='lat'><strong>¹</strong></span> <span class='ocrx_word' id='word_1_14' title='bbox 279 761 321 828; x_wconf 88' lang='lat' dir='ltr'><strong>ab</strong></span> <span class='ocrx_word' id='word_1_15' title='bbox 342 760 439 827; x_wconf 84' lang='lat' dir='ltr'><strong>initio</strong></span> <span class='ocrx_word' id='word_1_16' title='bbox 459 759 506 850; x_wconf 78' lang='lat' dir='ltr'><strong>(r.</strong></span> <span class='ocrx_word' id='word_1_17' title='bbox 530 757 574 848; x_wconf 86' lang='lat'><strong>1.)</strong></span> <span class='ocrx_word' id='word_1_18' title='bbox 602 763 746 848; x_wconf 84' lang='lat' dir='ltr'><strong>pofitum</strong></span> <span class='ocrx_word' id='word_1_19' title='bbox 767 760 828 838; x_wconf 84' lang='lat' dir='ltr'><strong>est,</strong></span> <span class='ocrx_word' id='word_1_20' title='bbox 863 757 1037 826; x_wconf 72' lang='lat' dir='ltr'><strong>neminem</strong></span> <span class='ocrx_word' id='word_1_21' title='bbox 1062 741 1124 828; x_wconf 85' lang='lat' dir='ltr'><strong>iua</strong></span> <span class='ocrx_word' id='word_1_22' title='bbox 1144 761 1234 828; x_wconf 83' lang='lat' dir='ltr'><strong>torte</strong></span> <span class='ocrx_word' id='word_1_23' title='bbox 1254 764 1348 830; x_wconf 44' lang='lat' dir='ltr'><strong>effe*</strong></span> 
     </span>
     <span class='ocr_line' id='line_1_4' title="bbox 277 875 1320 973; baseline 0.002 -29"><span class='ocrx_word' id='word_1_24' title='bbox 277 888 476 945; x_wconf 85' lang='lat' dir='ltr'><strong>contentum</strong></span> <span class='ocrx_word' id='word_1_25' title='bbox 493 876 552 942; x_wconf 81' lang='lat' dir='ltr'><strong>seu</strong></span> <span class='ocrx_word' id='word_1_26' title='bbox 573 876 644 942; x_wconf 79' lang='lat' dir='ltr'><strong>ieie</strong></span> <span class='ocrx_word' id='word_1_27' title='bbox 659 879 826 964; x_wconf 87' lang='lat' dir='ltr'><strong>probare,</strong></span> <span class='ocrx_word' id='word_1_28' title='bbox 847 875 949 963; x_wconf 86' lang='lat' dir='ltr'><strong>idque</strong></span> <span class='ocrx_word' id='word_1_29' title='bbox 964 899 1005 941; x_wconf 91' lang='lat' dir='ltr'><strong>ec</strong></span> <span class='ocrx_word' id='word_1_30' title='bbox 1017 877 1320 973; x_wconf 83' lang='lat' dir='ltr'><strong>modoprolatum,</strong></span> 
     </span>
    </p>

    <p class='ocr_par' dir='ltr' id='par_1_3' title="bbox 280 991 1325 1316">
     <span class='ocr_line' id='line_1_5' title="bbox 280 991 1323 1088; baseline 0.004 -28"><span class='ocrx_word' id='word_1_31' title='bbox 280 1017 347 1088; x_wconf 91' lang='lat' dir='ltr'><strong>quo</strong></span> <span class='ocrx_word' id='word_1_32' title='bbox 369 994 494 1084; x_wconf 85' lang='lat' dir='ltr'><strong>aliquid</strong></span> <span class='ocrx_word' id='word_1_33' title='bbox 515 991 645 1060; x_wconf 83' lang='lat' dir='ltr'><strong>referre</strong></span> <span class='ocrx_word' id='word_1_34' title='bbox 665 991 840 1059; x_wconf 66' lang='lat' dir='ltr'><strong>solemma</strong></span> <span class='ocrx_word' id='word_1_35' title='bbox 852 1016 916 1082; x_wconf 80' lang='lat' dir='ltr'><strong>per</strong></span> <span class='ocrx_word' id='word_1_36' title='bbox 928 993 1157 1063; x_wconf 79' lang='lat' dir='ltr'><strong>accusativum</strong></span> <span class='ocrx_word' id='word_1_37' title='bbox 1173 1016 1250 1062; x_wconf 89' lang='lat' dir='ltr'><strong>cum</strong></span> <span class='ocrx_word' id='word_1_38' title='bbox 1263 997 1323 1064; x_wconf 89' lang='lat' dir='ltr'><strong>in-</strong></span> 
     </span>
     <span class='ocr_line' id='line_1_6' title="bbox 280 1109 1323 1194; baseline 0.006 -16"><span class='ocrx_word' id='word_1_39' title='bbox 280 1111 431 1194; x_wconf 83' lang='lat' dir='ltr'><strong>finitivo,</strong></span> <span class='ocrx_word' id='word_1_40' title='bbox 452 1112 494 1178; x_wconf 86' lang='lat' dir='ltr'><strong>ad</strong></span> <span class='ocrx_word' id='word_1_41' title='bbox 514 1113 606 1178; x_wconf 88' lang='lat' dir='ltr'><strong>hunc</strong></span> <span class='ocrx_word' id='word_1_42' title='bbox 627 1109 701 1178; x_wconf 87' lang='lat' dir='ltr'><strong>sere</strong></span> <span class='ocrx_word' id='word_1_43' title='bbox 723 1110 884 1176; x_wconf 77' lang='lat' dir='ltr'><strong>modumt</strong></span> <span class='ocrx_word' id='word_1_44' title='bbox 906 1109 998 1177; x_wconf 79' lang='lat' dir='ltr'><strong>Jetat</strong></span> <span class='ocrx_word' id='word_1_45' title='bbox 1018 1112 1125 1180; x_wconf 83' lang='lat' dir='ltr'><strong>kehre</strong></span> <span class='ocrx_word' id='word_1_46' title='bbox 1147 1112 1203 1180; x_wconf 81' lang='lat' dir='ltr'><strong>ich</strong></span> <span class='ocrx_word' id='word_1_47' title='bbox 1218 1113 1323 1186; x_wconf 83' lang='lat' dir='ltr'><strong>dahin</strong></span> 
     </span>
     <span class='ocr_line' id='line_1_7' title="bbox 280 1227 1325 1316; baseline 0 -18"><span class='ocrx_word' id='word_1_48' title='bbox 280 1227 427 1314; x_wconf 68' lang='lat' dir='ltr'><strong>auriick,</strong></span> <span class='ocrx_word' id='word_1_49' title='bbox 449 1228 649 1303; x_wconf 79' lang='lat' dir='ltr'><strong>wovon&#39;ioh</strong></span> <span class='ocrx_word' id='word_1_50' title='bbox 671 1227 827 1316; x_wconf 83' lang='lat' dir='ltr'><strong>ausging,</strong></span> <span class='ocrx_word' id='word_1_51' title='bbox 848 1228 943 1295; x_wconf 80' lang='lat' dir='ltr'><strong>dass</strong></span> <span class='ocrx_word' id='word_1_52' title='bbox 964 1228 1149 1296; x_wconf 80' lang='lat' dir='ltr'><strong>keinerale</strong></span> <span class='ocrx_word' id='word_1_53' title='bbox 1164 1227 1325 1298; x_wconf 80' lang='lat' dir='ltr'><strong>Geiahaic</strong></span> 
     </span>
    </p>

    <p class='ocr_par' dir='ltr' id='par_1_4' title="bbox 280 1323 1326 1432">
     <span class='ocr_line' id='line_1_8' title="bbox 280 1323 1326 1432; baseline 0.002 -18"><span class='ocrx_word' id='word_1_54' title='bbox 280 1347 346 1414; x_wconf 89' lang='lat' dir='ltr'><strong>mit</strong></span> <span class='ocrx_word' id='word_1_55' title='bbox 378 1349 446 1414; x_wconf 82' lang='lat' dir='ltr'><strong>fich</strong></span> <span class='ocrx_word' id='word_1_56' title='bbox 479 1323 656 1412; x_wconf 76' lang='lat' dir='ltr'><strong>aufrieden</strong></span> <span class='ocrx_word' id='word_1_57' title='bbox 688 1345 773 1432; x_wconf 68' lang='lat' dir='ltr'><strong>icy,</strong></span> <span class='ocrx_word' id='word_1_58' title='bbox 809 1343 1003 1414; x_wconf 74' lang='lat' dir='ltr'><strong>tondere</strong></span> <span class='ocrx_word' id='word_1_59' title='bbox 1022 1347 1131 1414; x_wconf 79' lang='lat' dir='ltr'><strong>eines</strong></span> <span class='ocrx_word' id='word_1_60' title='bbox 1157 1347 1326 1418; x_wconf 85' lang='lat' dir='ltr'><strong>Anderen</strong></span> 
     </span>
    </p>

    <p class='ocr_par' dir='ltr' id='par_1_5' title="bbox 171 1449 1327 1669">
     <span class='ocr_line' id='line_1_9' title="bbox 171 1449 1326 1554; baseline 0.002 -24"><span class='ocrx_word' id='word_1_61' title='bbox 171 1449 174 1459; x_wconf 40' lang='lat'><strong>¹</strong></span> <span class='ocrx_word' id='word_1_62' title='bbox 261 1463 375 1530; x_wconf 77' lang='lat' dir='ltr'><strong>Loca</strong></span> <span class='ocrx_word' id='word_1_63' title='bbox 402 1464 530 1554; x_wconf 83' lang='lat' dir='ltr'><strong>preiie,</strong></span> <span class='ocrx_word' id='word_1_64' title='bbox 573 1463 669 1530; x_wconf 76' lang='lat' dir='ltr'><strong>dass</strong></span> <span class='ocrx_word' id='word_1_65' title='bbox 698 1485 737 1528; x_wconf 89' lang='lat' dir='ltr'><strong>er</strong></span> <span class='ocrx_word' id='word_1_66' title='bbox 766 1462 834 1528; x_wconf 81' lang='lat' dir='ltr'><strong>fich</strong></span> <span class='ocrx_word' id='word_1_67' title='bbox 861 1462 1002 1544; x_wconf 70' lang='lat' dir='ltr'><strong>hiemo,</strong></span> <span class='ocrx_word' id='word_1_68' title='bbox 1035 1464 1116 1533; x_wconf 86' lang='lat' dir='ltr'><strong>weil</strong></span> <span class='ocrx_word' id='word_1_69' title='bbox 1150 1466 1204 1532; x_wconf 88' lang='lat' dir='ltr'><strong>die</strong></span> <span class='ocrx_word' id='word_1_70' title='bbox 1223 1467 1326 1554; x_wconf 83' lang='lat' dir='ltr'><strong>Ziege</strong></span> 
     </span>
     <span class='ocr_line' id='line_1_10' title="bbox 284 1579 1327 1669; baseline 0.002 -21"><span class='ocrx_word' id='word_1_71' title='bbox 284 1580 377 1648; x_wconf 85' lang='lat' dir='ltr'><strong>eines</strong></span> <span class='ocrx_word' id='word_1_72' title='bbox 401 1581 566 1648; x_wconf 87' lang='lat' dir='ltr'><strong>Anderen</strong></span> <span class='ocrx_word' id='word_1_73' title='bbox 593 1582 650 1646; x_wconf 88' lang='lat' dir='ltr'><strong>ein</strong></span> <span class='ocrx_word' id='word_1_74' title='bbox 675 1579 919 1662; x_wconf 75' lang='lat' dir='ltr'><strong>firotzenderes</strong></span> <span class='ocrx_word' id='word_1_75' title='bbox 945 1581 1054 1648; x_wconf 85' lang='lat' dir='ltr'><strong>Euter</strong></span> <span class='ocrx_word' id='word_1_76' title='bbox 1079 1581 1190 1669; x_wconf 73' lang='lat' dir='ltr'><strong>triigt,</strong></span> <span class='ocrx_word' id='word_1_77' title='bbox 1232 1582 1327 1659; x_wconf 83' lang='lat' dir='ltr'><strong>daie</strong></span> 
     </span>
    </p>

    <p class='ocr_par' dir='ltr' id='par_1_6' title="bbox 284 1695 1329 1804">
     <span class='ocr_line' id='line_1_11' title="bbox 284 1695 1329 1804; baseline 0.004 -38"><span class='ocrx_word' id='word_1_78' title='bbox 284 1722 324 1766; x_wconf 86' lang='lat' dir='ltr'><strong>er</strong></span> <span class='ocrx_word' id='word_1_79' title='bbox 349 1701 418 1766; x_wconf 82' lang='lat' dir='ltr'><strong>fich</strong></span> <span class='ocrx_word' id='word_1_80' title='bbox 444 1699 531 1766; x_wconf 87' lang='lat' dir='ltr'><strong>auch</strong></span> <span class='ocrx_word' id='word_1_81' title='bbox 563 1698 659 1766; x_wconf 87' lang='lat' dir='ltr'><strong>nicht</strong></span> <span class='ocrx_word' id='word_1_82' title='bbox 688 1695 753 1804; x_wconf 75' lang='lat' dir='ltr'><strong>mit</strong></span> <span class='ocrx_word' id='word_1_83' title='bbox 787 1696 866 1762; x_wconf 87' lang='lat' dir='ltr'><strong>dem</strong></span> <span class='ocrx_word' id='word_1_84' title='bbox 888 1695 1029 1766; x_wconf 83' lang='lat' dir='ltr'><strong>Haufen</strong></span> <span class='ocrx_word' id='word_1_85' title='bbox 1052 1697 1113 1766; x_wconf 88' lang='lat' dir='ltr'><strong>der</strong></span> <span class='ocrx_word' id='word_1_86' title='bbox 1133 1698 1329 1770; x_wconf 84' lang='lat' dir='ltr'><strong>Aermereu</strong></span> 
     </span>
    </p>

    <p class='ocr_par' dir='ltr' id='par_1_7' title="bbox 221 1799 1329 1905">
     <span class='ocr_line' id='line_1_12' title="bbox 221 1811 1329 1905; baseline 0.002 -23"><span class='ocrx_word' id='word_1_87' title='bbox 221 1811 228 1828; x_wconf 84' lang='lat'>&#39;</span> <span class='ocrx_word' id='word_1_88' title='bbox 282 1815 492 1904; x_wconf 70' lang='lat' dir='ltr'><strong>vergleiohe3</strong></span> <span class='ocrx_word' id='word_1_89' title='bbox 520 1815 711 1897; x_wconf 78' lang='lat' dir='ltr'><strong>fondern</strong></span> <span class='ocrx_word' id='word_1_90' title='bbox 734 1812 849 1882; x_wconf 84' lang='lat' dir='ltr'><strong>diesen</strong></span> <span class='ocrx_word' id='word_1_91' title='bbox 861 1813 933 1880; x_wconf 87' lang='lat' dir='ltr'><strong>und</strong></span> <span class='ocrx_word' id='word_1_92' title='bbox 947 1815 1108 1903; x_wconf 83' lang='lat' dir='ltr'><strong>jenenzu</strong></span> <span class='ocrx_word' id='word_1_93' title='bbox 1120 1813 1329 1905; x_wconf 75' lang='lat' dir='ltr'><strong>iibcrtreffen</strong></span> 
     </span>
    </p>

    <p class='ocr_par' dir='ltr' id='par_1_8' title="bbox 285 1933 478 2000">
     <span class='ocr_line' id='line_1_13' title="bbox 285 1933 478 2000; baseline 0 0"><span class='ocrx_word' id='word_1_94' title='bbox 285 1934 353 2000; x_wconf 85' lang='lat' dir='ltr'><strong>fich</strong></span> <span class='ocrx_word' id='word_1_95' title='bbox 365 1933 478 2000; x_wconf 86' lang='lat' dir='ltr'><strong>miihe.</strong></span> 
     </span>
    </p>

    <p class='ocr_par' dir='ltr' id='par_1_9' title="bbox 284 2051 1332 2376">
     <span class='ocr_line' id='line_1_14' title="bbox 388 2051 1332 2142; baseline 0.001 -23"><span class='ocrx_word' id='word_1_96' title='bbox 388 2051 483 2119; x_wconf 90' lang='lat' dir='ltr'><strong>Nam</strong></span> <span class='ocrx_word' id='word_1_97' title='bbox 504 2073 610 2140; x_wconf 89' lang='lat' dir='ltr'><strong>quum</strong></span> <span class='ocrx_word' id='word_1_98' title='bbox 622 2064 725 2140; x_wconf 87' lang='lat' dir='ltr'><strong>poeta</strong></span> <span class='ocrx_word' id='word_1_99' title='bbox 738 2052 962 2140; x_wconf 80' lang='lat' dir='ltr'><strong>quaestionem</strong></span> <span class='ocrx_word' id='word_1_100' title='bbox 976 2052 1036 2120; x_wconf 85' lang='lat' dir='ltr'><strong>fibi</strong></span> <span class='ocrx_word' id='word_1_101' title='bbox 1048 2051 1184 2121; x_wconf 80' lang='lat' dir='ltr'><strong>solvere</strong></span> <span class='ocrx_word' id='word_1_102' title='bbox 1195 2075 1332 2142; x_wconf 76' lang='lat' dir='ltr'><strong>propo·</strong></span> 
     </span>
     <span class='ocr_line' id='line_1_15' title="bbox 284 2151 1332 2255; baseline 0.004 -21"><span class='ocrx_word' id='word_1_103' title='bbox 284 2167 415 2252; x_wconf 79' lang='lat' dir='ltr'><strong>iuiiiet,</strong></span> <span class='ocrx_word' id='word_1_104' title='bbox 437 2171 486 2253; x_wconf 82' lang='lat' dir='ltr'><strong>(v.</strong></span> <span class='ocrx_word' id='word_1_105' title='bbox 511 2151 577 2254; x_wconf 57' lang='lat' dir='ltr'><strong>rii:</strong></span> <span class='ocrx_word' id='word_1_106' title='bbox 608 2168 678 2255; x_wconf 89' lang='lat' dir='ltr'><strong>Qui</strong></span> <span class='ocrx_word' id='word_1_107' title='bbox 700 2167 778 2254; x_wconf 87' lang='lat' dir='ltr'><strong>fiat,</strong></span> <span class='ocrx_word' id='word_1_108' title='bbox 797 2180 838 2234; x_wconf 91' lang='lat' dir='ltr'><strong>ut</strong></span> <span class='ocrx_word' id='word_1_109' title='bbox 852 2192 954 2244; x_wconf 85' lang='lat' dir='ltr'><strong>nemo</strong></span> <span class='ocrx_word' id='word_1_110' title='bbox 970 2170 1061 2236; x_wconf 83' lang='lat' dir='ltr'><strong>sorte</strong></span> <span class='ocrx_word' id='word_1_111' title='bbox 1075 2173 1135 2238; x_wconf 81' lang='lat' dir='ltr'><strong>sua</strong></span> <span class='ocrx_word' id='word_1_112' title='bbox 1150 2182 1332 2238; x_wconf 85' lang='lat' dir='ltr'><strong>contentus</strong></span> 
     </span>
     <span class='ocr_line' id='line_1_16' title="bbox 285 2273 1332 2376; baseline 0 -23"><span class='ocrx_word' id='word_1_113' title='bbox 285 2289 343 2369; x_wconf 84' lang='lat' dir='ltr'><strong>tit,</strong></span> <span class='ocrx_word' id='word_1_114' title='bbox 370 2285 430 2351; x_wconf 77' lang='lat' dir='ltr'><strong>[ed</strong></span> <span class='ocrx_word' id='word_1_115' title='bbox 449 2285 623 2374; x_wconf 86' lang='lat' dir='ltr'><strong>praedicet</strong></span> <span class='ocrx_word' id='word_1_116' title='bbox 645 2287 758 2374; x_wconf 86' lang='lat' dir='ltr'><strong>potius</strong></span> <span class='ocrx_word' id='word_1_117' title='bbox 779 2285 948 2352; x_wconf 84' lang='lat' dir='ltr'><strong>diversam</strong></span> <span class='ocrx_word' id='word_1_118' title='bbox 963 2273 1163 2372; x_wconf 66' lang='lat' dir='ltr'><strong>sequenter?</strong></span> <span class='ocrx_word' id='word_1_119' title='bbox 1192 2286 1332 2376; x_wconf 84' lang='lat' dir='ltr'><strong>eiusque</strong></span> 
     </span>
    </p>

    <p class='ocr_par' dir='ltr' id='par_1_10' title="bbox 212 2378 1333 2500">
     <span class='ocr_line' id='line_1_17' title="bbox 212 2378 1333 2500; baseline 0.002 -30"><span class='ocrx_word' id='word_1_120' title='bbox 212 2492 215 2500; x_wconf 68' lang='lat'><em>,</em></span> <span class='ocrx_word' id='word_1_121' title='bbox 284 2403 336 2470; x_wconf 85' lang='lat' dir='ltr'><strong>rei</strong></span> <span class='ocrx_word' id='word_1_122' title='bbox 354 2378 498 2474; x_wconf 75' lang='lat' dir='ltr'><strong>causam</strong></span> <span class='ocrx_word' id='word_1_123' title='bbox 510 2401 547 2467; x_wconf 88' lang='lat' dir='ltr'><strong>in</strong></span> <span class='ocrx_word' id='word_1_124' title='bbox 570 2403 712 2470; x_wconf 86' lang='lat' dir='ltr'><strong>avaritia</strong></span> <span class='ocrx_word' id='word_1_125' title='bbox 729 2402 763 2488; x_wconf 79' lang='lat' dir='ltr'><strong>(i.</strong></span> <span class='ocrx_word' id='word_1_126' title='bbox 779 2427 807 2469; x_wconf 88' lang='lat' dir='ltr'><strong>e.</strong></span> <span class='ocrx_word' id='word_1_127' title='bbox 822 2402 1005 2492; x_wconf 86' lang='lat' dir='ltr'><strong>cupiditate</strong></span> <span class='ocrx_word' id='word_1_128' title='bbox 1021 2401 1247 2492; x_wconf 82' lang='lat' dir='ltr'><strong>semperplus</strong></span> <span class='ocrx_word' id='word_1_129' title='bbox 1265 2406 1333 2472; x_wconf 87' lang='lat' dir='ltr'><strong>ha-</strong></span> 
     </span>
    </p>
   </div>
   <div class='ocr_carea' id='block_1_3' title="bbox 278 2502 1334 2842">
    <p class='ocr_par' dir='ltr' id='par_1_11' title="bbox 278 2502 1334 2842">
     <span class='ocr_line' id='line_1_18' title="bbox 285 2502 1333 2610; baseline 0.002 -24"><span class='ocrx_word' id='word_1_130' title='bbox 285 2502 402 2608; x_wconf 87' lang='lat' dir='ltr'><strong>bendi)</strong></span> <span class='ocrx_word' id='word_1_131' title='bbox 429 2519 628 2603; x_wconf 82' lang='lat' dir='ltr'><strong>inveniiiet,</strong></span> <span class='ocrx_word' id='word_1_132' title='bbox 669 2531 770 2606; x_wconf 70' lang='lat' dir='ltr'><strong>atque</strong></span> <span class='ocrx_word' id='word_1_133' title='bbox 796 2518 835 2586; x_wconf 89' lang='lat' dir='ltr'><strong>in</strong></span> <span class='ocrx_word' id='word_1_134' title='bbox 862 2519 929 2586; x_wconf 91' lang='lat' dir='ltr'><strong>hac</strong></span> <span class='ocrx_word' id='word_1_135' title='bbox 948 2519 1054 2586; x_wconf 82' lang='lat' dir='ltr'><strong>animi</strong></span> <span class='ocrx_word' id='word_1_136' title='bbox 1073 2521 1333 2610; x_wconf 74' lang='lat' dir='ltr'><strong>perturbatione</strong></span> 
     </span>
     <span class='ocr_line' id='line_1_19' title="bbox 287 2635 1334 2723; baseline 0.003 -21"><span class='ocrx_word' id='word_1_137' title='bbox 287 2637 505 2702; x_wconf 77' lang='lat' dir='ltr'><strong>describenda</strong></span> <span class='ocrx_word' id='word_1_138' title='bbox 534 2646 569 2700; x_wconf 89' lang='lat' dir='ltr'><strong>et</strong></span> <span class='ocrx_word' id='word_1_139' title='bbox 594 2635 893 2723; x_wconf 86' lang='lat' dir='ltr'><strong>reprehendenda,</strong></span> <span class='ocrx_word' id='word_1_140' title='bbox 927 2635 1080 2702; x_wconf 83' lang='lat' dir='ltr'><strong>iustio&#39;dc</strong></span> <span class='ocrx_word' id='word_1_141' title='bbox 1100 2639 1223 2721; x_wconf 84' lang='lat' dir='ltr'><strong>caufis,</strong></span> <span class='ocrx_word' id='word_1_142' title='bbox 1252 2637 1334 2705; x_wconf 85' lang='lat' dir='ltr'><strong>diu-</strong></span> 
     </span>
     <span class='ocr_line' id='line_1_20' title="bbox 278 2752 1333 2842; baseline 0.004 -23"><span class='ocrx_word' id='word_1_143' title='bbox 278 2753 411 2826; x_wconf 83' lang='lat' dir='ltr'><strong>¹tiifime</strong></span> <span class='ocrx_word' id='word_1_144' title='bbox 432 2763 660 2830; x_wconf 75' lang='lat' dir='ltr'><strong>commoratus</strong></span> <span class='ocrx_word' id='word_1_145' title='bbox 680 2754 778 2837; x_wconf 73' lang='lat' dir='ltr'><strong>ciret,</strong></span> <span class='ocrx_word' id='word_1_146' title='bbox 801 2752 864 2835; x_wconf 83' lang='lat' dir='ltr'><strong>ita,</strong></span> <span class='ocrx_word' id='word_1_147' title='bbox 886 2763 925 2816; x_wconf 90' lang='lat' dir='ltr'><strong>ut</strong></span> <span class='ocrx_word' id='word_1_148' title='bbox 936 2753 1099 2816; x_wconf 88' lang='lat' dir='ltr'><strong>lectorem</strong></span> <span class='ocrx_word' id='word_1_149' title='bbox 1114 2775 1135 2818; x_wconf 88' lang='lat' dir='ltr'><strong>a</strong></span> <span class='ocrx_word' id='word_1_150' title='bbox 1147 2776 1185 2818; x_wconf 87' lang='lat' dir='ltr'><strong>re</strong></span> <span class='ocrx_word' id='word_1_151' title='bbox 1198 2755 1333 2842; x_wconf 88' lang='lat' dir='ltr'><strong>prima-</strong></span> 
     </span>
    </p>
   </div>
   <div class='ocr_carea' id='block_1_4' title="bbox 240 2866 1334 4240">
    <p class='ocr_par' dir='ltr' id='par_1_12' title="bbox 240 2866 1334 4240">
     <span class='ocr_line' id='line_1_21' title="bbox 277 2866 1332 2958; baseline -0.001 -21"><span class='ocrx_word' id='word_1_152' title='bbox 277 2869 340 2952; x_wconf 83' lang='lat' dir='ltr'><strong>ria</strong></span> <span class='ocrx_word' id='word_1_153' title='bbox 364 2869 529 2958; x_wconf 82' lang='lat' dir='ltr'><strong>paulatim</strong></span> <span class='ocrx_word' id='word_1_154' title='bbox 552 2867 759 2934; x_wconf 74' lang='lat' dir='ltr'><strong>abduxilietz</strong></span> <span class='ocrx_word' id='word_1_155' title='bbox 778 2891 861 2940; x_wconf 38' lang='lat' dir='ltr'><strong>*non</strong></span> <span class='ocrx_word' id='word_1_156' title='bbox 881 2866 993 2937; x_wconf 82' lang='lat' dir='ltr'><strong>solum</strong></span> <span class='ocrx_word' id='word_1_157' title='bbox 1013 2868 1144 2934; x_wconf 76' lang='lat' dir='ltr'><strong>necere</strong></span> <span class='ocrx_word' id='word_1_158' title='bbox 1165 2883 1257 2956; x_wconf 85' lang='lat' dir='ltr'><strong>erat,</strong></span> <span class='ocrx_word' id='word_1_159' title='bbox 1289 2885 1332 2941; x_wconf 85' lang='lat' dir='ltr'><strong>ut</strong></span> 
     </span>
     <span class='ocr_line' id='line_1_22' title="bbox 288 2963 1331 3074; baseline 0.004 -22"><span class='ocrx_word' id='word_1_160' title='bbox 288 3009 368 3052; x_wconf 90' lang='lat' dir='ltr'><strong>eum</strong></span> <span class='ocrx_word' id='word_1_161' title='bbox 389 2985 432 3052; x_wconf 85' lang='lat' dir='ltr'><strong>ad</strong></span> <span class='ocrx_word' id='word_1_162' title='bbox 457 2963 681 3072; x_wconf 75' lang='lat' dir='ltr'><strong>quaestionem</strong></span> <span class='ocrx_word' id='word_1_163' title='bbox 703 2983 907 3074; x_wconf 89' lang='lat' dir='ltr'><strong>aprincipio</strong></span> <span class='ocrx_word' id='word_1_164' title='bbox 923 2985 1128 3072; x_wconf 71' lang='lat' dir='ltr'><strong>propositam</strong></span> <span class='ocrx_word' id='word_1_165' title='bbox 1140 2985 1331 3069; x_wconf 70' lang='lat' dir='ltr'><strong>reduceret,</strong></span> 
     </span>
     <span class='ocr_line' id='line_1_23' title="bbox 285 3099 1332 3189; baseline 0.004 -22"><span class='ocrx_word' id='word_1_166' title='bbox 285 3100 345 3167; x_wconf 78' lang='lat' dir='ltr'><strong>[ed</strong></span> <span class='ocrx_word' id='word_1_167' title='bbox 368 3102 472 3168; x_wconf 85' lang='lat' dir='ltr'><strong>etiam</strong></span> <span class='ocrx_word' id='word_1_168' title='bbox 491 3111 681 3188; x_wconf 75' lang='lat' dir='ltr'><strong>repeteret,</strong></span> <span class='ocrx_word' id='word_1_169' title='bbox 710 3123 775 3187; x_wconf 87' lang='lat' dir='ltr'><strong>qua</strong></span> <span class='ocrx_word' id='word_1_170' title='bbox 797 3100 835 3166; x_wconf 89' lang='lat' dir='ltr'><strong>in</strong></span> <span class='ocrx_word' id='word_1_171' title='bbox 852 3124 891 3166; x_wconf 87' lang='lat' dir='ltr'><strong>re</strong></span> <span class='ocrx_word' id='word_1_172' title='bbox 903 3099 1002 3166; x_wconf 81' lang='lat' dir='ltr'><strong>huius</strong></span> <span class='ocrx_word' id='word_1_173' title='bbox 1016 3107 1234 3189; x_wconf 76' lang='grc' dir='ltr'><strong>μεμψιμοιρίας</strong></span> <span class='ocrx_word' id='word_1_174' title='bbox 1246 3103 1332 3170; x_wconf 89' lang='lat' dir='ltr'><strong>fon-</strong></span> 
     </span>
     <span class='ocr_line' id='line_1_24' title="bbox 286 3215 1334 3305; baseline 0 -21"><span class='ocrx_word' id='word_1_175' title='bbox 286 3229 358 3284; x_wconf 85' lang='lat' dir='ltr'><strong>tem</strong></span> <span class='ocrx_word' id='word_1_176' title='bbox 376 3217 552 3284; x_wconf 76' lang='lat' dir='ltr'><strong>inveniret</strong></span> <span class='ocrx_word' id='word_1_177' title='bbox 559 3239 571 3297; x_wconf 85' lang='lat'>3</span> <span class='ocrx_word' id='word_1_178' title='bbox 593 3216 649 3281; x_wconf 89' lang='lat' dir='ltr'><strong>cui</strong></span> <span class='ocrx_word' id='word_1_179' title='bbox 668 3216 866 3305; x_wconf 86' lang='lat' dir='ltr'><strong>repetitioni</strong></span> <span class='ocrx_word' id='word_1_180' title='bbox 888 3215 1070 3303; x_wconf 83' lang='lat' dir='ltr'><strong>adiungere</strong></span> <span class='ocrx_word' id='word_1_181' title='bbox 1090 3217 1192 3304; x_wconf 87' lang='lat' dir='ltr'><strong>vitia,</strong></span> <span class='ocrx_word' id='word_1_182' title='bbox 1214 3222 1334 3286; x_wconf 82' lang='lat' dir='ltr'><strong>avari..</strong></span> 
     </span>
     <span class='ocr_line' id='line_1_25' title="bbox 286 3315 1332 3420; baseline 0 -15"><span class='ocrx_word' id='word_1_183' title='bbox 286 3335 356 3405; x_wconf 79' lang='lat' dir='ltr'><strong>tiae</strong></span> <span class='ocrx_word' id='word_1_184' title='bbox 367 3335 499 3420; x_wconf 83' lang='lat' dir='ltr'><strong>vicina,</strong></span> <span class='ocrx_word' id='word_1_185' title='bbox 521 3334 542 3402; x_wconf 89' lang='lat' dir='ltr'><strong>i.</strong></span> <span class='ocrx_word' id='word_1_186' title='bbox 557 3357 587 3400; x_wconf 83' lang='lat' dir='ltr'><strong>e.</strong></span> <span class='ocrx_word' id='word_1_187' title='bbox 602 3333 769 3400; x_wconf 86' lang='lat' dir='ltr'><strong>invidiam</strong></span> <span class='ocrx_word' id='word_1_188' title='bbox 782 3344 816 3398; x_wconf 88' lang='lat' dir='ltr'><strong>et</strong></span> <span class='ocrx_word' id='word_1_189' title='bbox 831 3315 994 3403; x_wconf 72' lang='lat' dir='ltr'><strong>ditioi&#39;um</strong></span> <span class='ocrx_word' id='word_1_190' title='bbox 1007 3334 1162 3402; x_wconf 88' lang='lat' dir='ltr'><strong>omnium</strong></span> <span class='ocrx_word' id='word_1_191' title='bbox 1176 3337 1332 3405; x_wconf 81' lang='lat' dir='ltr'><strong>acmula-</strong></span> 
     </span>
     <span class='ocr_line' id='line_1_26' title="bbox 286 3447 808 3537; baseline 0 -21"><span class='ocrx_word' id='word_1_192' title='bbox 286 3449 434 3537; x_wconf 83' lang='lat' dir='ltr'><strong>tionem,</strong></span> <span class='ocrx_word' id='word_1_193' title='bbox 455 3450 549 3518; x_wconf 88' lang='lat' dir='ltr'><strong>haud</strong></span> <span class='ocrx_word' id='word_1_194' title='bbox 565 3449 716 3518; x_wconf 87' lang='lat' dir='ltr'><strong>alienum</strong></span> <span class='ocrx_word' id='word_1_195' title='bbox 732 3447 808 3516; x_wconf 87' lang='lat' dir='ltr'><strong>fuit.</strong></span> 
     </span>
     <span class='ocr_line' id='line_1_27' title="bbox 389 3565 1330 3658; baseline 0.009 -24"><span class='ocrx_word' id='word_1_196' title='bbox 389 3568 458 3634; x_wconf 87' lang='lat' dir='ltr'><strong>Sed</strong></span> <span class='ocrx_word' id='word_1_197' title='bbox 468 3567 569 3651; x_wconf 86' lang='lat' dir='ltr'><strong>unde,</strong></span> <span class='ocrx_word' id='word_1_198' title='bbox 592 3589 742 3654; x_wconf 78' lang='lat' dir='ltr'><strong>quaeret,</strong></span> <span class='ocrx_word' id='word_1_199' title='bbox 761 3567 816 3637; x_wconf 85' lang='lat' dir='ltr'><strong>hic¹</strong></span> <span class='ocrx_word' id='word_1_200' title='bbox 829 3565 1036 3636; x_wconf 76' lang='lat' dir='ltr'><strong>accusativus</strong></span> <span class='ocrx_word' id='word_1_201' title='bbox 1050 3588 1127 3636; x_wconf 84' lang='lat' dir='ltr'><strong>oum</strong></span> <span class='ocrx_word' id='word_1_202' title='bbox 1141 3565 1330 3658; x_wconf 56' lang='lat' dir='ltr'><strong>infinitivo,</strong></span> 
     </span>
     <span class='ocr_line' id='line_1_28' title="bbox 283 3685 1328 3774; baseline 0.007 -22"><span class='ocrx_word' id='word_1_203' title='bbox 283 3689 352 3754; x_wconf 81' lang='lat' dir='ltr'><strong>five</strong></span> <span class='ocrx_word' id='word_1_204' title='bbox 364 3685 654 3752; x_wconf 72' lang='lat' dir='ltr'><strong>haec&#39;conttructio</strong></span> <span class='ocrx_word' id='word_1_205' title='bbox 665 3685 843 3773; x_wconf 85' lang='lat' dir='ltr'><strong>objectiva,</strong></span> <span class='ocrx_word' id='word_1_206' title='bbox 857 3705 958 3774; x_wconf 89' lang='lat' dir='ltr'><strong>quam</strong></span> <span class='ocrx_word' id='word_1_207' title='bbox 967 3688 1238 3774; x_wconf 69' lang='lat' dir='ltr'><strong>noxuspostulat,</strong></span> <span class='ocrx_word' id='word_1_208' title='bbox 1251 3701 1328 3760; x_wconf 87' lang='lat' dir='ltr'><strong>tum</strong></span> 
     </span>
     <span class='ocr_line' id='line_1_29' title="bbox 240 3801 1329 3892; baseline 0.006 -26"><span class='ocrx_word' id='word_1_209' title='bbox 240 3827 242 3832; x_wconf 70' lang='grc'>’</span> <span class='ocrx_word' id='word_1_210' title='bbox 284 3802 606 3888; x_wconf 81' lang='lat' dir='ltr'><strong>interrogationem,</strong></span> <span class='ocrx_word' id='word_1_211' title='bbox 627 3814 703 3866; x_wconf 86' lang='lat' dir='ltr'><strong>tum</strong></span> <span class='ocrx_word' id='word_1_212' title='bbox 728 3801 1013 3878; x_wconf 82' lang='lat' dir='ltr'><strong>exclamationem</strong></span> <span class='ocrx_word' id='word_1_213' title='bbox 1036 3805 1216 3892; x_wconf 77' lang='lat' dir='ltr'><strong>respuens,</strong></span> <span class='ocrx_word' id='word_1_214' title='bbox 1237 3805 1329 3873; x_wconf 89' lang='lat' dir='ltr'><strong>hau-</strong></span> 
     </span>
     <span class='ocr_line' id='line_1_30' title="bbox 284 3917 1327 4010; baseline 0.003 -25"><span class='ocrx_word' id='word_1_215' title='bbox 284 3918 406 3986; x_wconf 86' lang='lat' dir='ltr'><strong>rienda</strong></span> <span class='ocrx_word' id='word_1_216' title='bbox 424 3919 515 3984; x_wconf 75' lang='lat' dir='ltr'><strong>erit?</strong></span> <span class='ocrx_word' id='word_1_217' title='bbox 539 3919 665 4008; x_wconf 82' lang='lat' dir='ltr'><strong>Nonne</strong></span> <span class='ocrx_word' id='word_1_218' title='bbox 682 3921 869 3984; x_wconf 88' lang='lat' dir='ltr'><strong>Nemone</strong></span> <span class='ocrx_word' id='word_1_219' title='bbox 889 3929 924 3984; x_wconf 85' lang='lat' dir='ltr'><strong>et</strong></span> <span class='ocrx_word' id='word_1_220' title='bbox 943 3930 1009 3998; x_wconf 87' lang='lat' dir='ltr'><strong>ut,</strong></span> <span class='ocrx_word' id='word_1_221' title='bbox 1039 3919 1108 3986; x_wconf 87' lang='lat' dir='ltr'><strong>tale</strong></span> <span class='ocrx_word' id='word_1_222' title='bbox 1128 3917 1327 4010; x_wconf 69' lang='lat' dir='ltr'><strong>quit‘peifi-</strong></span> 
     </span>
     <span class='ocr_line' id='line_1_31' title="bbox 269 4034 1327 4124; baseline 0.006 -24"><span class='ocrx_word' id='word_1_223' title='bbox 269 4047 340 4116; x_wconf 76' lang='lat' dir='ltr'><strong>,tus</strong></span> <span class='ocrx_word' id='word_1_224' title='bbox 368 4035 584 4123; x_wconf 78' lang='lat' dir='ltr'><strong>impediunt?</strong></span> <span class='ocrx_word' id='word_1_225' title='bbox 627 4035 945 4124; x_wconf 70' lang='lat' dir='ltr'><strong>Circumspiciam&#39;ua</strong></span> <span class='ocrx_word' id='word_1_226' title='bbox 970 4034 1072 4121; x_wconf 82' lang='lat' dir='ltr'><strong>igitur</strong></span> <span class='ocrx_word' id='word_1_227' title='bbox 1102 4048 1181 4102; x_wconf 86' lang='lat' dir='ltr'><strong>ante</strong></span> <span class='ocrx_word' id='word_1_228' title='bbox 1210 4038 1327 4106; x_wconf 89' lang='lat' dir='ltr'><strong>omnia</strong></span> 
     </span>
     <span class='ocr_line' id='line_1_32' title="bbox 284 4151 1220 4240; baseline 0.003 -23"><span class='ocrx_word' id='word_1_229' title='bbox 284 4151 435 4228; x_wconf 82' lang='lat' dir='ltr'><strong>lectionis</strong></span> <span class='ocrx_word' id='word_1_230' title='bbox 458 4153 679 4232; x_wconf 84' lang='lat' dir='ltr'><strong>varietatem,</strong></span> <span class='ocrx_word' id='word_1_231' title='bbox 700 4165 736 4218; x_wconf 86' lang='lat' dir='ltr'><strong>et</strong></span> <span class='ocrx_word' id='word_1_232' title='bbox 749 4151 875 4218; x_wconf 84' lang='lat' dir='ltr'><strong>deinde</strong></span> <span class='ocrx_word' id='word_1_233' title='bbox 890 4151 1021 4240; x_wconf 87' lang='lat' dir='ltr'><strong>reliqua</strong></span> <span class='ocrx_word' id='word_1_234' title='bbox 1034 4151 1220 4240; x_wconf 85' lang='lat' dir='ltr'><strong>videamus.</strong></span> 
     </span>
    </p>
   </div>
   <div class='ocr_carea' id='block_1_5' title="bbox 0 0 1431 5008">
    <p class='ocr_par' dir='ltr' id='par_1_13' title="bbox 0 0 1431 5008">
     <span class='ocr_line' id='line_1_33' title="bbox 0 0 1431 5008; baseline 0 0"><span class='ocrx_word' id='word_1_235' title='bbox 0 0 1431 5008; x_wconf 95' lang='lat' dir='ltr'><strong> </strong></span> 
     </span>
    </p>
   </div>
  </div>
 </body>
</html>
