2806 5008
254 461 380 510 10x
668 466 888 498 mou·

187 621 189 628 ¹
244 631 274 726 .¹'
297 627 456 719 postulari
478 625 603 710 dixisti,
636 651 681 696 ex
700 629 926 700 hisce‘verbis
955 631 1029 701 elici
1047 625 1196 723 poterit?
1226 655 1305 721 qua

250 748 395 832 ratione,
417 747 508 833 quod
523 747 633 814 obiter
644 758 776 816 tantum
792 771 982 835 monemus,
1003 751 1125 835 hiatus,
1148 751 1303 840 quitunc

140 849 145 892 ³
250 865 378 946 oritur,
399 859 546 953 (Nemo
567 875 612 930 ut
618 863 647 951 ,)
667 863 704 932 in
721 858 917 956 tali‘poeta
940 843 1046 958 quetis
1061 869 1221 936 Horatius
1241 871 1301 953 est,

251 981 389 1050 defendi
407 981 557 1072 poterit?

355 1148 451 1237 Quas
472 1147 516 1215 ad
537 1147 742 1236 quaestiones
763 1159 803 1213 ut
825 1147 892 1216 rite
909 1129 1195 1241 reipondeamus,
1219 1146 1302 1238 pri-

249 1290 346 1334 mum
365 1266 404 1333 in
423 1265 628 1350 memoriam
646 1265 879 1332 revocandum
892 1268 973 1354 erit,
997 1265 1054 1334 etti
1069 1268 1161 1334 inter
1176 1276 1300 1332 omnes

249 1387 397 1478 constat,
419 1382 621 1478 adverbium
638 1393 704 1468 ut,
727 1383 816 1471 quod
839 1385 873 1450 h.
888 1383 909 1451 Ι.
926 1387 967 1452 ab
982 1385 1138 1450 omnibus
1153 1394 1213 1450 aut
1228 1405 1298 1471 pro

247 1515 332 1569 nota
361 1499 594 1569 admirationis
625 1514 683 1566 aut
711 1499 986 1587 interrogationis
1007 1498 1170 1590 sumitur,
1204 1497 1299 1590 apud

249 1620 396 1716 optimos
423 1617 606 1706 scriptores
635 1630 736 1706 atque
757 1617 868 1706 ipsum
881 1613 1078 1704 *Horatium
1098 1621 1171 1707 post
1192 1618 1300 1685 verba

171 1726 174 1734 ¹
246 1735 406 1800 sensuum
430 1746 465 1800 et
486 1733 638 1814 dicendi,
668 1735 767 1823 quale
779 1735 811 1801 h.
826 1736 849 1802 l.
869 1735 1000 1815 redeo
1021 1735 1093 1818 est,'
1108 1733 1198 1801 haud
1213 1757 1297 1800 raro

183 1846 188 1852 ¹
245 1855 325 1956 lpgi,
373 1846 429 1920 Sic
455 1852 524 1917 Sat.
549 1851 604 1940 lt,
635 1875 670 1936 1,
701 1853 753 1920 50.
791 1853 894 1938 ‚‚Ut‚
926 1875 993 1940 quo
1022 1853 1163 1941 quisque
1188 1849 1295 1944 vaiet,

244 1969 417 2059 suspectos
439 1980 625 2053 terreat,
652 1981 770 2056 utque
792 1969 978 2058 imperet
998 1971 1063 2037 hoc
1084 1981 1208 2035 natura
1228 1989 1296 2056 po·-

245 2097 338 2174 tens,
373 2085 416 2154 fic
449 2085 611 2174 collige
645 2087 816 2150 mecum.“
861 2069 967 2152 Ovid.
993 2087 1085 2176 Epp.
1112 2085 1294 2152 ex.Ponto

245 2190 276 2292 Ι,
297 2203 330 2290 5,
351 2205 382 2272 5.
414 2201 617 2290 ,‚Cern'is,
644 2213 692 2266 ut
718 2201 883 2289 ignavum
913 2215 1196 2293 corrumpant
1224 2199 1294 2266 otia

245 2299 389 2411 corpus,
410 2333 458 2387 ut
479 2319 655 2410 capiant
674 2317 798 2384 vitium
813 2319 849 2384 ni
862 2324 1104 2387 moveantur.“
1148 2318 1215 2386 Cic.
1228 2341 1293 2407 pro

246 2437 380 2506 Cinent.
408 2461 437 2504 c.
460 2438 511 2504 25.
551 2435 665 2522 „Non
694 2433 931 2521 ignoratio,
967 2449 1014 2502 ut
1042 2437 1145 2503 etiam
1175 2435 1293 2503 befliae

244 2557 288 2624 ad
310 2579 390 2622 eum
408 2557 539 2637 locum,
561 2550 619 2616 ubi
637 2552 747 2639 pastae
760 2550 940 2637 aliquando
955 2554 1035 2637 sint,
1057 2562 1294 2620 revertan-

245 2669 358 2739 t'ur.“
401 2673 499 2739 Idem
522 2669 624 2737 Tuic.
647 2667 777 2754 Quaefl.
794 2665 865 2752 III,
895 2667 927 2734 5.
957 2669 1060 2756 „Qui
1081 2693 1166 2736 vero
1187 2691 1292 2758 pro·

245 2790 342 2860 bari
357 2793 478 2880 potest,
501 2799 545 2854 ut
565 2785 624 2852 nbi
643 2783 774 2849 mederi
789 2783 922 2851 animus
936 2809 1006 2851 non
1021 2783 1177 2873 poifit?“
1223 2781 1290 2850 ctf.

243 2905 495 3001 Heusinger
520 2901 562 2970 ad
585 2901 654 2968 eie.
677 2901 719 2966 (le
742 2900 816 2968 Off.
839 2901 893 2984 11,
923 2923 985 2987 aa,
1016 2903 1064 2970 14.
1085 2912 1120 2968 et
1140 2898 1290 2968 Bromi

245 3023 289 3092 ad
307 3023 396 3123 Nep.
418 3023 566 3090 Hannib.
595 3019 631 3104 Ι,
658 3041 687 3084 1·
741 3019 864 3105 Neque
885 3017 1013 3086 mirum
1034 3021 1094 3103 est,
1132 3017 1290 3084 voculam

195 3128 199 3136 ’
243 3153 290 3208 ut
313 3141 485 3214 inlocum
511 3135 692 3207 accusativi
714 3155 791 3201 oum
815 3133 986 3202 infinitivo
1010 3133 1163 3202 substitui
1183 3135 1288 3223 poffe,

210 3291 215 3298 ·
243 3261 405 3346 liquidem
420 3257 511 3324 idem
526 3255 599 3322 fere
614 3255 676 3340 est,
699 3266 816 3320 utrum
831 3251 937 3320 dicas:
960 3251 1006 3320 du
1021 3252 1134 3334 fiehst,
1157 3250 1237 3322 wie
1252 3271 1288 3318 or

228 3367 365 3465 'fleiisig
385 3375 439 3462 ist,
470 3399 530 3444 an:
567 3371 600 3439 d.
621 3371 665 3457 Ι.,
695 3369 791 3438 daia
811 3368 909 3437 erss.
931 3370 978 3438 ist.

350 3540 451 3630 Quod
473 3544 498 3608 fi
519 3561 642 3608 verum
662 3542 725 3623 est,
754 3539 846 3604 locus
862 3537 990 3615 noster,
1011 3531 1158 3601 lectione
1173 3544 1287 3600 vetere

244 3659 382 3730 Nemo
403 3671 449 3724 ut
465 3673 626 3726 revocata
645 3656 679 3722 et
699 3659 791 3744 ligno
807 3650 1083 3756 interrogationis
1097 3663 1155 3718 aut
1173 3647 1288 3714 excla-

242 3777 401 3867 mationis
422 3781 492 3867 post
518 3777 689 3844 laboret
711 3771 761 3862 (v.
785 3773 873 3862 112.)
895 3769 932 3836 in
955 3779 1121 3859 punctum
1141 3774 1285 3847 mutato,

161 3905 165 3912 “
243 3899 286 3962 iic
307 3895 470 3984 explicari
493 3869 774 3983 poteritt‘Rcdeo
796 3890 895 3971 illuc,
923 3885 1015 3952 unde
1035 3881 1122 3962 abii,
1144 3878 1285 3971 (abierat

243 4012 555 4102 autemaprimaria
570 4009 776 4104 quaestionez¹
798 4005 883 4092 Qui
902 4001 968 4087 fit,
991 3997 1195 4068 Maecenas?
1215 4011 1285 4080 etc;‚·

242 4145 277 4199 et
296 4133 379 4202 inde
398 4155 419 4199 a
439 4133 541 4198 versu
555 4128 609 4196 56.
630 4127 803 4213 hucusque
816 4147 895 4190 cum
911 4141 1016 4190 avaro
1032 4108 1284 4208 disputaverat)
