2806 5008
464 453 779 523 iuooffls
907 449 908 454 l
1092 468 1133 537 15

82 651 156 719 elle
171 649 329 736 videtur,
351 648 408 739 qui
416 701 426 734 ,
449 668 555 737 quum
572 644 727 714 homines
744 645 781 714 in
796 649 896 718 aliam
909 649 1134 728 viamtradu·

80 791 168 835 cere
189 769 312 854 vellet,
342 791 413 834 non
432 764 540 848 statim
565 765 606 831 ab
620 763 718 830 initio
734 767 948 855 ostendebat,
971 793 1038 858 quo
1053 783 1133 838 ten‘-

82 887 204 974 deret,
235 885 293 951 led
315 883 356 952 ab
384 884 451 951 alia
470 907 510 950 re
534 881 676 968 incepit,
708 879 756 949 ita
775 893 816 949 ut
835 885 974 973 prorius
988 887 1078 956 aliud
1094 890 1132 956 in
1153 933 1156 946 ι

79 1005 215 1070 ¹¹recel'lu
234 1001 396 1081 haberet,
424 1021 527 1086 quam
551 997 641 1086 quod
662 998 700 1064 in
721 997 836 1066 fronte
858 1015 997 1088 gereret.
1039 1006 1133 1072 Hinc
1178 1007 1181 1014 ’

41 1151 43 1158 ·
84 1115 234 1201 factum,
256 1128 296 1184 ut
310 1118 393 1184 haec
409 1119 544 1204 Satyra,
565 1117 660 1180 ficati
676 1116 790 1204 plures
805 1118 902 1199 aliae,
924 1132 997 1186 non
1011 1131 1081 1190 tam
1095 1121 1131 1188 id

83 1236 237 1326 spectet,
259 1235 348 1322 quod
370 1237 411 1302 ab
431 1232 527 1299 initio
547 1231 746 1321 profitetur,
767 1234 827 1301 ted
847 1236 1035 1308 maximam
1043 1259 1138 1326 par-¹

83 1363 159 1420 tem
173 1353 210 1418 in
228 1352 419 1418 avaritia
434 1349 584 1418 notanda
599 1359 632 1414 et
645 1350 814 1438 carpenda
828 1365 1072 1442 commoretur,
1092 1369 1131 1425 ut

84 1492 176 1536 vere
207 1467 423 1556 breviterque
462 1464 601 1534 inscribi
630 1465 748 1566 pulsnt:
787 1467 949 1538 Contra
980 1473 1132 1541 arari-

84 1587 208 1655 tiam.
683 1656 689 1677 ,
1069 1569 1071 1572 ¹

191 1701 241 1772 At
260 1699 459 1792 priusquam
480 1697 693 1786 aleatoribus
710 1697 815 1768 doctis
827 1703 997 1792 postolare
1008 1705 1144 1796 possut·

83 1843 185 1900 mus,
211 1832 251 1886 ut
270 1821 444 1886 nobiscum
467 1817 506 1886 in
530 1816 698 1906 superiori
718 1817 778 1884 illa
798 1819 864 1885 loci
884 1822 1047 1914 principis
1065 1801 1130 1893 ex¹⁴

84 1937 270 2028 plicatione
299 1933 529 2020 consentiant,
565 1933 731 2000 nonnulla
757 1933 1001 2027 impedimenta
1020 1941 1129 2034 adhuc

84 2052 297 2122 removenda
311 2063 419 2118 erunt.
461 2037 554 2115 Nam
570 2052 627 2116 etsi
639 2049 753 2118 senius
766 2050 854 2119 hano
868 2055 1129 2144 explicationem

85 2171 246 2264 postulet,
271 2179 383 2234 tamen
395 2163 530 2271 fortasse
541 2166 763 2252 grammatica
777 2167 808 2235 ei
820 2168 1040 2259 adversatur,
1059 2175 1083 2242 i.
1097 2199 1129 2244 e.
1184 2181 1187 2187 “

85 2298 236 2355 metrum
262 2295 295 2350 et
322 2281 498 2372 prosodia3
534 2304 681 2370 quorum
708 2286 782 2353 fine'
791 2285 962 2356 consensu
982 2285 1070 2358 nihil
1088 2292 1129 2362 in

86 2401 194 2496 poetis
206 2400 328 2480 mutari
340 2401 456 2489 potest.
1055 2473 1057 2478 ,
1077 2407 1082 2428 ’

191 2521 266 2586 Iam
281 2515 371 2604 quod
387 2515 539 2605 primum
553 2515 671 2584 attinet
683 2515 726 2584 ad
738 2517 887 2608 hiatum,
906 2543 1009 2612 quem
1022 2528 1128 2616 vulgo

88 2642 131 2707 fic
148 2647 290 2714 vocant,
312 2634 385 2719 (etfi
407 2655 478 2699 non
499 2631 609 2718 quivis
631 2631 777 2701 duarum
797 2638 967 2708 vocalium
982 2664 1128 2712 concur-

87 2757 143 2823 sus
162 2757 205 2822 fic
223 2748 396 2818 vocandus
418 2751 478 2829 est,
503 2746 564 2813 nifi
586 2746 624 2813 in
638 2771 755 2816 earum
769 2756 1052 2839 pronunciatione
1062 2735 1129 2829 ve-

65 2939 70 2950 ,
89 2895 146 2940 rus
165 2869 290 2951 hiatus,
313 2866 335 2933 i.
356 2891 385 2931 e.
404 2855 602 2952 confragola
618 2877 651 2932 et
663 2865 776 2932 hiulca
790 2870 956 2955 quaedam
969 2897 1129 2967 pronun.

91 2985 200 3056 ciandi
213 2984 300 3052 ratio
317 2981 454 3070 oritur,)¹
471 2982 528 3071 qui
545 2982 751 3072 tumexillit,
780 3007 885 3072 quum
901 2990 1129 3082 antiquiorem
1155 3017 1159 3036 ⁸

90 3105 269 3173 lectionem
290 3101 425 3168 Nemo
452 3108 497 3164 ut
517 3119 738 3166 revocamus:
764 3100 856 3168 hunc
870 3103 1001 3176 hiatum
1023 3135 1069 3180 ne
1090 3114 1130 3183 in

91 3213 215 3318 lyricis
229 3217 365 3306 quidem
390 3227 513 3304 poetae
544 3217 648 3281 nostri
677 3217 883 3288 carminibus
910 3245 1028 3294 rarum
1051 3231 1130 3318 elle,

92 3337 242 3430 pluribus
256 3331 420 3421 exemplis
433 3330 630 3433 nuperrime
645 3334 790 3403 ostendit
803 3335 987 3408 Lindum
995 3366 1130 3412 onnus

93 3457 134 3524 V.
159 3455 197 3522 C.
224 3453 262 3518 in
291 3448 584 3516 commentatione
613 3440 799 3519 doctilfima
826 3452 975 3543 itemque
993 3459 1143 3550 elegan-·

93 3553 230 3640 tilfimat
261 3569 316 3635 De
337 3567 430 3634 hiatu
451 3565 488 3631 in
510 3567 659 3633 versibus
678 3566 814 3636 Horatii
833 3571 948 3660 lyricis
960 3574 1002 3664 *).

191 3683 327 3754 Deinde
351 3706 473 3750 vocem
501 3684 633 3750 Nemo
658 3681 697 3749 in
718 3685 838 3754 ultima
857 3671 1002 3782 produci
1022 3698 1128 3786 poll’e,
1149 3727 1152 3738 =

94 3801 350 3902 invitakvocali,
378 3822 463 3888 quae
484 3799 522 3868 iu
543 3811 588 3867 ut
608 3800 777 3890 sequitur,
806 3804 1041 3879 observatione
1056 3837 1128 3884 non

96 3973 294 3990 m

142 4105 165 4176 ’)
181 4103 246 4160 vid.
263 4099 283 4154 S
288 4100 417 4158 cebodi
423 4104 436 4156 ἰ
451 4103 487 4161 V.
502 4105 534 4160 C.
559 4103 646 4160 Neues
661 4106 761 4164 Archiv
778 4109 823 4164 fiir
839 4109 882 4166 dle
901 4109 1053 4184 Philologie
1071 4117 1125 4174 und

191 4189 319 4260 Pidagog.
337 4199 393 4248 ster
408 4191 494 4264 Jahrg.
503 4230 511 4258 ‚
527 4186 650 4246 Hildesh·
667 4199 750 4263 1828,
769 4190 835 4252 ttett
852 4201 875 4256 l.
890 4215 919 4270 p·
938 4209 972 4259 to
987 4195 1071 4272 seqq.-
