2806 5008
293 487 935 542 oo·1m···u·

370 655 526 746 „Quodn
552 655 615 724 has
639 651 880 744 explicationes
908 650 998 718 inter
1017 649 1064 718 ”fe
1084 675 1355 743 comparamus,

301 777 507 866 ridebimus,
539 769 890 866 Wolfium'verba
916 771 1041 835 nullo
1064 755 1238 853 labore,
1272 793 1356 835 non

208 892 215 902 ’
265 929 266 938 ¹
304 895 365 966 ada
387 874 520 982 {‚quos
543 889 623 954 tibi
644 887 717 954 dat
737 887 937 972 natura,“
958 887 1016 952 [ed
1036 887 1096 952 ad:
1119 888 1359 970 „retinere

302 995 646 1094 velio“,.retuliffe,
671 987 818 1094 reliqnos
835 1028 917 1071 vero
930 989 1211 1096 commentatores
1228 1025 1358 1069 omnes

228 1169 232 1178 ·
304 1128 349 1199 ad
377 1130 483 1194 verba
509 1121 693 1210 superiora.
736 1123 982 1225 Atque'in‘hia
1003 1121 1238 1211 posterioribus
1264 1121 1359 1186 viria

305 1245 406 1313 etiam
432 1238 673 1312 Bentleina'
693 1241 756 1318 est,
796 1239 933 1307 ducibus
962 1239 1141 1332 tcholiastia
1163 1238 1360 1304 veteribus.

304 1361 351 1429 In
368 1359 425 1426 itta
443 1356 534 1423 onim
552 1354 842 1444 interpunctione,
867 1379 969 1444 quam
993 1355 1051 1423 W
1054 1380 1073 1420 o
1081 1355 1096 1420 l
1094 1354 1127 1444 f
1129 1357 1142 1420 i
1148 1379 1195 1422 uo
1216 1355 1361 1421 secutus

254 1532 256 1534 ,
307 1480 370 1565 eti,
385 1472 565 1541 Benttet
573 1497 620 1538 aa
635 1473 710 1539 iure
719 1475 893 1563 vituperat
904 1477 991 1541 hano
1005 1473 1223 1538 sententiam:
1245 1472 1358 1557 „Am

305 1587 476 1678 &nullo
502 1592 654 1657 labore
682 1592 764 1680 (fine
787 1593 857 1657 ulla
878 1596 996 1680 opera)
1011 1601 1177 1686 (cognatos
1198 1590 1360 1654 retinere

306 1711 403 1794 velis,
425 1729 596 1798 operam
617 1709 819 1803 perdas?“
832 1707 1006 1774 adiiciena:
1029 1707 1112 1791 „An
1127 1727 1361 1794 operaper·

226 1824 237 1846 ⁸
305 1825 443 1920 ditur,
474 1847 561 1912 quae
585 1827 721 1892 omnino
744 1851 814 1892 non
835 1801 1071 1890 insumitur?“
1103 1821 1238 1888 Deinde
1259 1819 1361 1884 idem

306 1955 400 2012 recte
427 1942 568 2028 iudicat,
600 1943 637 2010 in
660 1945 794 2031 vulgata
814 1942 976 2021 lectione,
1011 1938 1067 2006 At
1088 1940 1138 2023 si,
1168 1950 1202 2044 et
1222 1949 1358 2028 puncto

229 2055 232 2061 ¹
282 2053 399 2152 ¹pone
420 2057 556 2126 frenis
578 2062 685 2150 potito
693 2109 706 2140 ,
737 2061 873 2149 eulpam
895 2059 994 2127 huius
1016 2081 1138 2147 operae
1158 2055 1283 2124 frustra
1297 2043 1360 2152 i'nss

307 2175 458 2254 sumtae,
480 2175 518 2241 in
538 2189 698 2264 cognatos
718 2201 789 2242 non
803 2177 840 2242 in
853 2199 994 2243 avarum
1009 2173 1206 2252 transferri,
1227 2171 1360 2237 scilicet

311 2293 371 2382 qui
399 2291 442 2357 ad
471 2293 653 2360 amicitiam
680 2316 784 2380 aeque
812 2295 919 2358 effent
945 2293 1082 2360 inutiles
1110 2303 1209 2378 atque
1231 2287 1359 2354 asellus

312 2407 355 2475 ad
376 2409 582 2475 currendum
609 2409 791 2500 in'oampo
818 2408 925 2474 frenis
945 2432 1078 2499 parens.

390 2560 392 2566 π
417 2525 584 2611 Quocirca
610 2523 840 2597 Bentleina
867 2525 939 2615 ipse
964 2527 1138 2613 vulgatam
1167 2523 1223 2591 At
1249 2522 1267 2588 f
1275 2521 1289 2588 i
1319 2522 1357 2588 in

311 2641 377 2712 An
397 2641 452 2728 si,
474 2639 759 2730 quemadmodum
779 2644 893 2731 plures
913 2643 1020 2712 codd.
1041 2643 1174 2730 legunt,
1206 2640 1358 2708 mutavit

312 2770 346 2826 et
381 2760 470 2846 signo
505 2750 778 2844 interrogationis
823 2783 909 2847 pone
945 2760 1079 2827 frenis
1119 2761 1227 2848 potito
1265 2757 1356 2822 hanc

228 2913 233 2922 ,
312 2874 514 2942 sententiam
534 2863 687 2942 exhibetz
713 2873 803 2960 „An
825 2875 922 2942 nihili
941 2869 1021 2942 'facio
1034 2899 1058 2940 a
1072 2875 1219 2962 cognatis
1233 2873 1355 2956 amari,

316 3001 351 3057 et
380 3013 512 3074 omne‚·
533 2991 622 3079 quod
651 2989 693 3057 ad
720 3013 776 3055 eos
808 2991 1029 3058 demerendoa
1045 2990 1210 3080 impendi
1238 2990 1356 3071 debet,

314 3106 403 3174 male
424 3106 572 3184 locatum
598 3121 632 3173 et
652 3086 823 3198 perditum
844 3107 889 3175 iri
913 3119 1012 3199 putas
1019 3159 1029 3193 ,
1058 3111 1147 3194 quasi
1168 3111 1192 3174 sa
1212 3109 1356 3174 asellum

315 3223 663 3310 traderes-magistro?
694 3224 780 3290 eto.“
973 3219 979 3232 '

420 3338 483 3406 cni
498 3350 614 3406 tamen
627 3339 863 3427 explicationi,
886 3365 970 3429 quae
985 3343 1022 3409 in
1037 3341 1233 3410 universum
1245 3342 1356 3416 nexui

315 3455 487 3540 convenit,
508 3457 572 3521 hoc
586 3455 775 3522 addendum
785 3457 929 3542 videtur,
954 3461 1172 3546 quodrerba:
1194 3459 1353 3541 „nullo

314 3587 471 3642 natura
488 3574 636 3640 labore
657 3594 762 3658 quos
783 3573 869 3640 tibi
890 3575 1006 3655 tlat‚“
1028 3574 1354 3668 nonsatisreipecta

282 3717 284 3722 ·
315 3691 404 3758 [unt.
447 3691 551 3758 Poeta
579 3690 688 3773 enim,
720 3690 780 3757 niti
800 3713 856 3757 me
878 3692 992 3759 omnia
1012 3667 1153 3773 iallunt,
1185 3692 1249 3758 hoc
1270 3691 1352 3758 sen-

316 3807 376 3872 tit:
398 3807 498 3874 Tune
520 3831 622 3875 avare
643 3821 757 3896 putas,
779 3822 955 3896 cognatos,
983 3833 1065 3898 qnos
1088 3811 1208 3898 cuique
1226 3821 1351 3878 natura

246 3987 251 3998 ,
304 3921 376 4010 ¹dat
401 3922 590 4012 Μηίων),
627 3925 749 4016 quique
781 3924 859 3991 ideo
895 3927 937 3992 ad
971 3927 1152 3994 amicitiam
1190 3927 1350 4018 aptissimi

315 4073 519 4096 *u-
617 4082 623 4089 .

363 4193 390 4264 ⁶)
410 4191 455 4248 Gi.
475 4191 600 4260 Xenoph.
616 4193 757 4248 Memorab.
773 4197 807 4261 11,
823 4207 849 4260 ³,
865 4149 892 4256 ti
